2746 4710
132 197 182 252 120

102 379 106 388 ·
132 357 449 440 ...„perrtnsemum
479 355 549 435 fist,
587 374 720 440 sequens
746 374 821 435 roro
851 355 1032 442 heptasemo
1061 357 1241 425 subsistat.“

132 463 161 527 si
184 462 305 540 omnis,
339 480 417 543 quse
440 459 534 525 attuli
556 460 742 543 arguments
765 459 923 538 deessent,
955 481 1055 528 nuum
1076 463 1241 548 hocirag·

132 567 289 643 mentum,
319 565 402 647 quod
431 564 589 629 invenitur
613 565 646 628 in
669 563 766 629 schol.
787 563 959 646 Hephaest.
990 565 1076 644 (edit
1099 565 1241 650 Westph.

121 692 160 756 p.
179 673 233 746 77)
254 668 412 735 sufficeret
441 667 671 746 demonstrare,
710 669 818 733 vetere
839 668 959 734 scholia
981 669 1155 736 Heliodoro
1177 690 1241 737 esse

132 773 315 853 tribuenda,
348 765 552 858 Ἡλιόδωρος
580 769 619 858 op‘
644 791 725 857 φησι
747 766 888 852 κοσμίαν
905 763 992 837 εἶναι
1013 777 1081 836 τῶν
1101 796 1242 840 mucron-

113 879 196 941 μῶν
223 874 306 940 κατὰ
337 869 427 940 πόδα
456 869 569 962 τομήν,
606 870 737 961 ὅπωςὴ
765 867 947 953 ἀνάπαυσις
972 875 1109 942 διδοῦσα
1129 873 1241 964 χρόνον

131 974 309 1066 ἑξασὴμους
329 977 388 1055 τὰς
408 973 521 1061 βάσεις
543 983 624 1065 ποιῇ
645 976 700 1042 καὶ
721 973 882 1064 ἰσομερεῖς
903 973 947 1055 ὡς
967 977 1027 1057 τὰς
1049 973 1174 1060 ἄλλος·
1193 983 1241 1048 his

132 1085 302 1170 igiturex
331 1084 456 1162 ‚verbis
494 1081 702 1148 Heliodorum
739 1083 812 1167 post
843 1102 1099 1168 unumquemque
1131 1085 1241 1169 pedem

132 1189 217 1255 facts
247 1188 413 1267 incisione,
451 1187 591 1272 singulos
623 1187 718 1271 pedes
742 1206 813 1253 uon
849 1179 1076 1274 πενναοήμοος
1114 1189 1170 1262 sed
1205 1192 1241 1256 oh

133 1285 370 1372 „mmmmm
394 1285 571 1379 ἓξασήμοος
593 1311 660 1357 esse
676 1292 855 1371 docentem,
877 1294 938 1358 hoo
955 1295 1094 1359 metrum
1115 1297 1240 1379 paeoni·

133 1418 206 1464 oum
225 1397 369 1463 habuisse
398 1397 597 1479 rhythmum,
635 1395 727 1461 facile
749 1396 857 1480 colligi
887 1398 1001 1480 potest.
1047 1399 1240 1466 conferentes

133 1521 205 1568 oum
227 1501 283 1566 illo
305 1500 468 1565 Heliodori
489 1490 666 1585 frsgmerrto
686 1499 795 1578 verbe,
820 1520 898 1586 quae
920 1503 1046 1568 exstant
1066 1504 1150 1587 apud
1168 1504 1240 1569 Dio-

85 1685 89 1694 ,
115 1606 255 1670 'medem
276 1605 337 1685 (ed.
360 1605 457 1671 Gaisf.
479 1625 509 1687 p.
523 1610 599 1691 4334)
618 1606 714 1670 haec:
745 1604 1044 1689 „elegantissimum
1065 1609 1115 1673 est
1135 1607 1239 1692 igitur,

134 1729 204 1775 cum
232 1728 288 1793 per
313 1709 453 1793 singulos
480 1709 574 1793 pedes
610 1728 702 1792 psus
741 1709 945 1782 orationis
980 1711 1241 1794 impleatur,“

134 1815 245 1880 deinde
263 1815 385 1893 sutem,
409 1834 488 1898 quae
509 1814 658 1902 leguntur
674 1813 756 1897 apud
771 1813 910 1879 Marium
925 1814 1126 1882 Victorinum
1144 1837 1174 1900 p.
1187 1822 1226 1884 87
1234 1840 1240 1882 :

79 1911 84 1920 ’
132 1917 251 2000 (plures
280 1917 448 1984 incisiones
482 1918 514 1983 et
548 1935 635 1995 eum,
673 1934 752 1998 quae
785 1920 898 1999 quarte
926 1935 1055 1984 osesura
1085 1922 1241 2003 partem

101 2084 104 2091 .
133 2022 334 2087 orationis
354 2023 619 2102 terminet,)“
654 2023 746 2105 pauci
767 2021 940 2106 negabunt,
965 2023 1062 2088 verba
1080 2024 1241 2092 Diomedis

28 2177 32 2183 .
123 2126 216 2192 idem
237 2126 429 2211 significare,
453 2127 535 2210 quod
557 2126 721 2192 Heliodori
742 2126 836 2192 haec:
858 2121 996 2207 κοσμίαν
1017 2132 1082 2190 τῶν
1105 2152 1241 2194 notroru-
1284 2140 1286 2146 ’

131 2232 194 2293 κῶν
227 2228 285 2316 τὴν
323 2227 404 2294 κατὰ
436 2224 526 2296 πόδα
559 2223 702 2316 coperim-
744 2229 1035 2295 manifestissimum
1061 2231 1163 2316 igitur
1190 2235 1242 2312 est,

119 2333 315 2416 ¹Diomedem
336 2335 430 2418 paulo
452 2353 546 2417 supro
568 2334 741 2408 dicentem:
766 2333 973 2416 „paeonicum
988 2337 1142 2416 metrum,
1165 2337 1244 2421 quod

132 2438 273 2521 plerique
291 2439 504 2521 rhythmicum
528 2457 595 2515 esse
617 2437 761 2514 dixerunt
771 2444 799 2517 ,ξ’
822 2438 1014 2512 intellexisse
1028 2440 1242 2534 Heliodorum.

132 2540 241 2607 eadem
271 2541 335 2606 fere
364 2541 460 2606 verbs
491 2540 573 2626 apud
596 2542 676 2606 Mer.
693 2542 844 2607 Victorin.
865 2547 953 2627 (pag.
972 2549 1048 2622 130)
1080 2544 1242 2629 leguntur:

131 2647 194 2725 „ut
222 2644 363 2730 plerique
392 2646 455 2711 hoc
470 2648 608 2712 metrum
642 2647 827 2729 rhythmum
849 2646 1007 2712 creticum
1025 2647 1189 2715 dixerint“
1214 2651 1243 2716 et

130 2751 224 2835 paulo
253 2770 375 2834 supra:-
398 2750 508 2834 „quod
532 2753 637 2815 tamen
667 2752 769 2834 magis
798 2752 944 2834 rhythmo
974 2752 1007 2816 id
1032 2754 1083 2817 est
1105 2773 1242 2831 numero,

132 2874 228 2939 quem
248 2857 351 2920 metro
372 2874 559 2939 congruere,
583 2854 719 2923 varietus
739 2854 807 2938 ip'sa
825 2856 1060 2938 compositionis
1076 2858 1243 2924 ostendit.“

85 2961 88 2966 '
131 2976 232 3043 neque
255 2959 384 3025 minoris
406 2960 558 3025 momenti
582 2961 655 3024 sunt
670 2957 782 3038 verbe,
803 2977 882 3043 quoe
902 2960 1090 3044 paulopost
1108 2980 1242 3045 sequun-

43 3137 45 3142 ,
84 3055 86 3058 ’
131 3065 200 3128 tur:
240 3063 450 3143 „bachiecum
466 3064 579 3147 igitur
600 3062 829 3148 dirhytlrmum,
867 3064 1107 3146 trirhythmum,
1145 3067 1194 3131 tot
1228 3101 1242 3114 ·
1274 3147 1276 3152 Ι

133 3167 317 3249 rhythmum
326 3171 354 3244 ,“
376 3167 455 3232 hoec
474 3161 651 3250 appellandi
671 3167 767 3246 ratio,
790 3169 826 3232 ut
848 3168 996 3239 abhorret
1018 3168 1057 3233 ab
1079 3169 1242 3253 Hephaes·
1268 3190 1272 3196 ·

131 3270 227 3336 tionis
251 3273 283 3336 et
305 3271 515 3336 recentiorum
538 3272 818 3354 grammaticorum
838 3289 914 3352 usu,
936 3273 984 3337 ite
1005 3270 1088 3357 apud
1104 3277 1242 3340 veterem

132 3372 335 3455 scholiastam
362 3374 428 3440 sole
458 3376 566 3458 estet
594 3375 846 3459 frequentissima
874 3376 913 3440 cl.
947 3376 1043 3441 schol.
1064 3376 1144 3443 Ach‘.
1170 3386 1241 3444 204.

132 3498 178 3564 eq.
196 3487 268 3544 284.
288 3488 376 3546 382.
428 3481 606 3571 praeterea¹
623 3480 692 3545 aliu
716 3481 873 3565 permulto
904 3468 1105 3547 inveniuntur
1135 3482 1244 3563 verba,

132 3603 211 3667 quae
247 3584 329 3668 apud
345 3641 349 3651 .
363 3583 500 3650 Atilium
534 3585 795 3649 Fortunatianum
828 3585 861 3650 et
890 3585 1027 3650 Marium
1055 3585 1138 3651 Viot.
1175 3589 1241 3653 tam

132 3688 247 3754 similis
270 3689 365 3754 nobis
382 3691 566 3768 occurrunt,
587 3687 624 3753 ut
645 3707 681 3753 ex
700 3689 810 3772 eodem
832 3690 918 3754 fonte
938 3691 1050 3755 heusta
1065 3690 1240 3777 videantur.

131 3789 325 3859 conferentes
357 3793 440 3858 enim
468 3792 550 3877 apud
578 3794 657 3858 Mer.
680 3792 718 3856 V.
750 3792 823 3858 libri
850 3793 944 3877 primi
973 3813 1040 3877 cop.
1063 3793 1141 3876 XVI
1169 3815 1240 3869 eum

134 3897 237 3963 verbis
258 3896 356 3975 Atili,
388 3916 467 3979 quae
492 3889 615 3963 exstant
643 3897 675 3961 in
702 3892 778 3962 libri
792 3897 824 3962 ΙΙ
847 3916 913 3981 cap.
931 3905 988 3976 28,
1016 3900 1142 3965 tentum
1165 3920 1243 3966 cone

131 4019 257 4080 sensum
277 4001 310 4064 in
332 4019 382 4079 re,
415 4000 448 4066 in
470 4002 573 4067 verbis
597 4003 702 4067 nutem
730 4002 852 4066 tantam
874 4001 1017 4068 videmus
1040 4004 1238 4070 dissimilitu-

70 4133 73 4139 ·
131 4103 252 4181 dinem,
286 4106 406 4169 utnon
429 4124 527 4171 unum
549 4107 588 4171 ab
610 4107 708 4172 altero
731 4106 896 4189 petivisse,
934 4107 990 4171 sed
1011 4109 1180 4194 utrumque
1203 4129 1238 4174 ex

132 4207 241 4274 eodem
268 4208 354 4275 fonte
382 4209 524 4278 hausisse
554 4213 714 4297 appareat.
760 4211 921 4298 exponitur
950 4212 1058 4280 autem
1086 4213 1126 4280 eb
1150 4212 1238 4281 utro-
