2746 4710
544 252 652 309 Scholia
668 253 697 309 in
716 253 828 324 equites.
1209 254 1245 310 59

218 419 413 481 973—996.
457 409 588 500 ἥδιστον
609 405 725 501 φόσςε
753 408 913 500 Κορωνίς.
947 409 1053 494 ἐξίασι
1076 411 1138 499 γὰρ
1159 410 1242 479 ὑπο-

131 512 251 603 κριταί.
273 514 331 582 καὶ
345 513 379 582 ἐν
392 513 541 584 εἴσθέσει
554 523 612 584 τοῦ
630 519 727 605 χοροῦ
750 512 824 600 ἑξὰς
844 516 1082 606 μονοστροφικῆ
1111 512 1242 603 ιτετρά-

131 621 234 700 κωλος
253 612 335 688 οὖσα
355 618 415 700 τὰς
435 614 609 709 περιόδους
630 619 667 688 ἐκ
685 626 784 710 τριῶν
805 621 1000 706 χλοκωνείιυν
1032 618 1153 710 2{nom}
1182 618 1242 704 μὲν

119 722 167 806 ’ἐξ
183 720 371 813 έπιτρίτου,
393 723 478 792 ποτέ
499 723 537 791 δέ
556 721 755 810 διτρσχαίου,
777 722 811 790 έν
825 722 862 791 δέ
875 727 924 813 τῷ
938 723 972 811 χ’
992 723 1049 792 καί
1060 719 1242 813 χοριόμβου

129 826 186 896 καὶ
207 823 394 914 διιάμβου],
429 827 565 896 καὶτοῦ
585 825 823 918 φερεκρατείου.
858 835 1021 918 συνῆπται
1040 825 1077 895 δέ
1098 829 1139 917 τῆ
1156 825 1243 908 δέξει

128 931 186 1000 καί
206 928 307 1018 μόνον
320 932 523 1021 διακέκριται
537 933 574 1002 τὸ
590 932 825 1022 φερεκροίτειον.
849 928 1086 1023 [ἑφθῆμιμερὲς
1099 931 1137 1000 δέ
1152 929 1241 999 ἔστιν

129 1033 167 1118 ἐξ
185 1031 356 1124 ἐπιτρίτου
383 1034 553 1125 τετάρτου,
582 1034 824 1126 ῆδιτρσχαίου,
862 1036 920 1104 καὶ
938 1035 1089 1122 βακχείου
1113 1033 1241 1122 συγκεί-

127 1145 250 1227 μενον.]
286 1135 498 1232 παροίχραφοι
519 1141 556 1210 δέ
577 1139 685 1210 διπλαῖ
705 1142 764 1228 μέν
783 1141 896 1225 πέντε,
919 1139 939 1232 ἡ
961 1141 998 1210 δὲ
1022 1137 1057 1224 ’ς’
1077 1139 1133 1208 καὶ
1158 1140 1241 1227 μετὰ

128 1242 312 1334 κορωνίδος.
344 1248 458 1330 [ταῦτα
480 1245 517 1314 δέ
539 1245 630 1336 παρὰ
653 1246 695 1314 τὰ
718 1242 920 1335 Εὐριπίδου]

217 1355 435 1435 99'7—1013.
481 1362 551 1434 ἰδοὺ
579 1365 733 1435 θέασαιε
767 1365 935 1457 [Κορωνὶς
956 1362 1120 1433 εἰσιόντων
1141 1360 1241 1447 αὖθις

127 1475 192 1540 τῶν
217 1467 410 1558 ὑποκριτῶν.
455 1467 487 1538 οἱ
516 1470 552 1539 δὲ
575 1469 681 1554 στίχοι
708 1468 855 1556 ἱαμβικοί
877 1468 932 1537 καὶ
953 1468 1140 1538 δακτυλικοδ
1162 1469 1240 1538 έννε-

126 1575 264 1666 υῆκοντα
283 1574 327 1656 έξ.
363 1565 407 1642 ὧν
427 1573 646 1662 προτίθενται
668 1572 774 1659 στίχοι
796 1573 946 1661 ίαμβικσί
969 1573 1135 1665 τρίμετρον
1158 1567 1240 1642 οἴκοι-

125 1676 280 1771 τοίλῆκτοι
301 1674 354 1762 ιζ’.
375 1679 413 1748 τὸ
436 1680 496 1768 γὰρ
519 1675 559 1748 ιε’
582 1676 733 1769 δίμετρόν
755 1679 844 1748 έστιν
865 1675 1103 1771 ἁκατάλῆκτον.-
1117 1678 1176 1748 ἐπὶ
1193 1685 1242 1770 τῷ

128 1783 213 1853 τέλει
240 1778 467 1873 παρόμραφος.
509 1782 587 1873 περὶ
612 1784 649 1852 δὲ
679 1790 745 1851 τῶν
775 1780 849 1874 ἑξῆς
879 1782 913 1853 ἐν
944 1781 1064 1875 ἑκάστῃ
1095 1780 1240 1874 περιόδῳ

130 1885 313 1979 εἰρήσεται]

145 2018 149 2025 “
217 2017 458 2078 1014-1019.
491 2007 607 2097 [δίκοοε
622 2012 661 2100 δῆ
678 2012 754 2078 νῦνε
772 2006 810 2077 ‘0
824 2016 955 2098 πρῶτος
969 2006 1079 2093 στίχος
1093 2007 1240 2076 ἐνταῦθα
1288 2016 1291 2021 ’

126 2112 280 2200 ἰαμβικὸς
308 2110 478 2203 τρίμετρος
505 2107 733 2204 οἴκατάληκτσς.
777 2110 808 2180 οἱ
837 2112 873 2180 δέ
901 2110 972 2204 ἑξῆς
992 2112 1026 2194 ς’
1056 2111 1241 2180 δακτυλικοὶ

125 2214 299 2306 ἑξάμετρον
321 2216 559 2307 καταληκτικοί.
583 2218 641 2286 έπί
663 2225 712 2308 τῷ
734 2217 820 2285 τέλει
842 2213 1081 2308 παράχροφος]

217 2347 456 2408 1020-1029.
503 2340 615 2430 [ταυτί
644 2341 692 2426 μὰ
719 2340 776 2431 τῆν
799 2334 986 2430 Δήμητρας
1020 2336 1060 2408 Οἱ
1081 2335 1153 2430 ἑξῆς
1175 2346 1239 2407 τίν
1314 2348 1322 2358 “

125 2440 300 2533 εἰρημένον
322 2434 411 2510 οὗτοι
440 2440 545 2527 στίχοι
573 2440 724 2530 ἰαμβικοί
745 2441 809 2512 εἱσι
834 2441 1000 2533 τρίμετρον
1022 2440 1239 2534 δκατοίλῆκτοι

125 2545 226 2615 έννέα.
260 2546 319 2615 έπὶ
342 2552 390 2636 τῷ
411 2549 498 2616 τέλει
518 2543 758 2639 παραχραφος]

218 2677 456 2738 1030-1034.
501 2661 572 2756 [Ἐν
604 2667 737 2738 ἐκθέσει
769 2668 805 2737 δέ
839 2667 945 2752 στίχοι
978 2666 1009 2737 ε’
1042 2668 1239 2755 δακτυλικοί,
1333 2646 1341 2661 ’

126 2766 180 2863 ἐφ’
204 2765 248 2840 ὧν
269 2776 316 2862 τῷ
336 2772 424 2841 τέλει
445 2768 684 2865 παροίχραφος]

216 2898 300 2960 1035
310 2899 455 2959 *1040
502 2890 557 2981 [νῆ
588 2890 645 2961 τὸν
674 2894 852 2961 Ποσειδῶε
883 2890 974 2980 Πρδς
1001 2889 1057 2960 τὸυ
1085 2886 1239 2959 ἀλλαντο-

125 2993 240 3084 πιόλῆν
267 2992 286 3063 ὁ
309 2994 412 3081 λόγος.
435 2999 497 3061 τῶν
517 2987 547 3061 δ
568 2991 642 3086 ἑξῆς
659 2995 779 3063 τοίτιυν
805 2989 844 3076 ἑξ
874 2992 990 3078 στίχιυν
1014 2991 1032 3061 ὁ
1054 2992 1114 3080 μέν
1134 2994 1179 3076 α’,
1201 2993 1240 3081 β’
1303 3034 1309 3046 ·

125 3094 285 3184 ἴαμβικοί.
332 3095 363 3164 οἳ
386 3097 422 3165 δὲ
443 3098 558 3167 λοιποὶ
579 3099 735 3188 τέσσαρες
767 3097 960 3171 δακτυλικοί.
997 3097 1056 3167 ἐπὶ
1085 3106 1132 3190 τῷ
1153 3098 1240 3169 τέλει

124 3197 368 3292 παρέκρουσε]

217 3315 457 3377 1041-1050,
503 3301 602 3395 [ταῦτ’
624 3305 697 3376 ἴσθ’
712 3306 786 3376 ὅτι.
805 3301 862 3377 Ἐν
885 3307 1018 3379 ἐκθέσει
1040 3307 1154 3396 ἴαμβοι
1168 3306 1239 3397 τρί-

121 3434 236 3500 μετρσι
258 3406 473 3500 ἀκατάληκτοι
496 3410 585 3479 δέκα.
616 3408 665 3501 ἐφ’
687 3405 733 3479 ὧν
753 3418 800 3502 τῷ
821 3412 905 3481 τέλει
928 3409 1167 3503 παρόγραφος]

217 3536 299 3598 1051
311 3540 455 3599 -1060,
492 3531 554 3622 [μῆ
576 3529 700 3600 πείθου
715 3558 724 3600 :
751 3529 792 3600 Οἱ
808 3530 882 3623 ἑξῆς
897 3525 985 3600 οίτοι
1001 3529 1105 3615 στίχοι
1121 3534 1238 3600 δακτυ·

125 3630 214 3727 λικοί
235 3631 301 3702 εἶσι
320 3634 409 3702 δέκα.
437 3627 480 3702 ὧν
501 3634 561 3703 ἐπὶ
582 3641 629 3725 τῷ
650 3636 735 3704 τέλει
758 3633 996 3726 παράχραφος]

215 3764 297 3823 1061
308 3796 350 3807 -
361 3765 455 3826 1066.
498 3753 516 3825 ὁ
532 3757 656 3841 μισθὸς
669 3751 920 3846 ἀποδοθήσεται
936 3781 944 3825 :
966 3754 1037 3843 [Ὡς
1051 3763 1109 3824 τοῦ
1126 3754 1239 3824 Κλέω-

121 3883 177 3940 νος
198 3850 465 3950 ἆπσστεροῦντσς.
510 3858 545 3930 έν
566 3859 699 3930 ἐκθέσει
722 3854 757 3929 δ’
782 3857 899 3947 ἴαμβοι
924 3861 966 3942 έξ.
1003 3859 1062 3928 έπὶ
1084 3868 1132 3951 τῷ
1153 3861 1239 3931 τέλει

122 3959 360 4054 παράκοιτιν]
1183 3972 1186 3981 ’
1258 3954 1280 3979 ”

98 4208 102 4217 ’
215 4193 229 4248 l
244 4190 324 4262 Apud
335 4191 512 4246 Heliodorum
533 4192 675 4262 legebatur
692 4188 881 4264 τετρακιόίοος
900 4192 1001 4262 ἔχουσα
1020 4191 1069 4253 τὰς
1080 4194 1236 4267 περιόδους.

123 4280 142 4335 2
160 4277 250 4335 Verba
269 4277 395 4336 αειισεΠίε
414 4280 492 4348 septa
510 4281 574 4336 sunt
590 4277 748 4335 recentioris
765 4278 946 4349 grammatici.
983 4279 1017 4336 cf.
1037 4284 1230 4354 κωιομειρίαν
