2746 4710
1189 248 1240 305 111

126 415 164 478 ut
184 372 222 478 er
243 408 353 477 codem
375 411 461 476 fonte
483 411 620 494 plurima
640 408 823 494 profluxisse
840 412 1003 493 appareat,
1026 429 1089 474 non
1104 409 1238 476 absurde

89 586 93 591 ,
128 515 334 607 adactylico.
362 517 480 594 metro,
518 517 555 586 ut
590 515 655 593 illi,
686 514 917 599 *auspicandum
950 533 1021 595 esse.
1052 515 1239 584 censuimus.
1306 574 1309 580 ,

126 614 296 705 prototypa
318 621 424 685 autem
448 620 481 683 in
503 619 662 684 ieteribus
675 618 811 684 scholiis
834 611 1031 702 reperiuntur
1054 622 1139 697 octo,
1165 619 1240 684 dac·
1267 688 1271 694 ,
1343 619 1345 623 ”

126 725 275 810 tylicum‚
313 725 564 808 anapaestioum,
596 724 781 802 iambicum,
809 722 1021 802 trochaicum,
1051 709 1239 789 choriambi-

127 848 215 907 cum,
236 829 492 913 antispasticum‚
514 829 658 893 Ionicum
679 848 698 893 a
719 827 838 892 maiore
860 829 892 892 et
914 829 979 893 lon.
1003 847 1022 892 a
1043 828 1180 906 minore,
1208 829 1240 894 et

125 933 321 1016 paeonicum.
344 933 618 1017 proceleusmatici
641 934 746 997 autem
769 950 870 1015 neque
892 931 980 1015 pedis
1002 951 1102 1016 neque
1118 933 1241 997 numeri

126 1038 161 1101 in
182 1036 344 1116 veteribus
368 1037 494 1102 scholiis
516 1038 634 1102 mentio
658 1036 703 1101 fit.

159 1151 161 1154 ’
215 1159 263 1223 Αο
292 1157 482 1242 dactylicum
510 1159 649 1224 metrum
676 1176 804 1223 caesum
825 1177 881 1241 per
907 1158 1047 1241 singulos
1073 1158 1169 1241 pedes
1191 1149 1241 1225 his
1350 1236 1355 1245 Ι

127 1263 273 1348 subsistit
294 1257 436 1330 versibus
467 1264 499 1327 et
521 1263 615 1341 colis,
659 1282 792 1346 quorum
815 1261 944 1326 minimo
974 1262 1091 1346 pedum
1109 1281 1254 1334 numero¹

128 1368 255 1433 constat
277 1364 523 1430 coaevitate
545 1366 725 1431 διπλοῦν
743 1366 795 1450 (of.
820 1365 917 1430 schol.
940 1385 1008 1449 pac.
1025 1372 1087 1431 459
1105 1369 1137 1432 et
1154 1367 1240 1449 775).

128 1470 317 1536 offendimur
337 1490 389 1550 eo,
423 1470 599 1555 quodcum
627 1471 723 1542 ceteri
745 1490 855 1536 versus
886 1471 1082 1555 appellentur
1103 1466 1242 1555 τρίπουν
1283 1470 1286 1475 “

128 1577 161 1640 et
175 1568 365 1659 τετράπουν,
388 1574 559 1640 scholiasta
578 1577 637 1639 hoc
659 1574 748 1639 colon
770 1574 931 1658 appellans
954 1575 1048 1640 aliam
1065 1574 1243 1641 adhibuerit

127 1678 263 1744 formam
286 1678 433 1742 διπλοῦν.
479 1681 619 1744 attamen
636 1697 706 1743 eam
728 1679 905 1761 genuinam
921 1698 989 1745 esse
1013 1679 1086 1763 (nisi
1101 1679 1240 1746 scriben-

128 1783 204 1846 dum
225 1784 275 1847 est
298 1781 486 1858 heresiarche
507 1782 674 1865 διπλοῦς),
703 1784 861 1847 testantur
882 1783 944 1847 aha
968 1784 1125 1866 permulta
1148 1784 1241 1850 huius

89 1965 93 1972 ‚
128 1886 253 1970 generis
275 1887 417 1970 exempla
448 1887 542 1953 velut·
564 1887 599 1951 in
627 1886 724 1951 schol.
746 1906 813 1969 pao.
830 1892 893 1950 512
922 1875 1161 1952 ἀναπαιστικόν
1191 1887 1242 1952 δι·
1342 1959 1345 1963 ,

127 1990 248 2067 πλοῦν,
285 1989 364 2055 Ach.
383 1997 461 2068 284,
487 1996 564 2068 358,
601 1984 731 2072 ceptro»
753 1989 890 2055 ιλιπλοῖν
911 2010 979 2074 pac.
995 1997 1076 2070 459,
1104 1990 1243 2067 διπλοῦς

128 2090 392 2177 ποιλιμβοέκχειος.
438 2097 579 2179 sequitur
600 2092 849 2168 ὄακτυλικόν
872 2090 1048 2180 τρίπουν
1071 2096 1123 2181 (cf.
1144 2095 1242 2160 schol.

126 2217 197 2284 pao.
215 2203 276 2262 775
297 2201 329 2264 et
351 2199 445 2282 equit.
464 2199 576 2283 lace),
600 2199 683 2282 quod
704 2199 732 2263 si
752 2201 800 2264 est
826 2199 1043 2265 catalecticum
1065 2199 1241 2284 appellatur

133 2296 201 2378 Ῑεῖς
220 2293 450 2384 ’δισυλλαβίοιῃ
474 2304 522 2368 sin
546 2303 755 2369 acatalectum
776 2297 826 2380 εἰς
848 2299 1085 2389 τρισολλαβίον.
1105 2303 1241 2387 tripodis

99 2419 104 2427 '
128 2401 177 2482 εἷς
197 2403 365 2494 συλλαβὴν
381 2406 564 2473 catalectico
594 2408 775 2473 nominatur
801 2405 1002 2485 δάκτυλος
1030 2413 1241 2495 monhaut-

128 2503 261 2598 μορής.
306 2531 400 2594 quam
422 2513 642 2594 formametsi
668 2532 822 2596 nusquam
854 2515 972 2591 exstat,
1010 2514 1125 2598 ubique
1147 2515 1241 2579 resti-
1297 2582 1300 2587 ,

128 2616 280 2681 tuendam
303 2635 386 2695 esse,
419 2617 574 2683 similibus
603 2618 763 2683 nonnullis
787 2613 1077 2702 velut'pcpinpptog
1098 2612 1242 2704 ἑφθημι-
1294 2621 1296 2626 ’

127 2716 240 2807 μερής,
272 2718 354 2812 quoti
383 2721 499 2804 legitur
520 2722 553 2785 in
574 2722 671 2787 schol.
697 2721 770 2788 nub.
786 2728 851 2786 804
883 2724 915 2786 et
936 2713 1141 2796 ἀνάπαιστος
1164 2743 1242 2784 πον·

129 2820 313 2910 θυμιμερής
332 2824 366 2888 in
391 2825 488 2890 schol.
510 2825 583 2891 nub.
600 2827 681 2904 456,
715 2825 770 2891 ubi
788 2824 969 2890 Dindorfius
1002 2826 1149 2903 annotat,
1164 2896 1169 2903 ,
1185 2844 1241 2908 per

129 2929 234 2992 totum
262 2915 417 2994 scholium
439 2929 477 2994 V.
508 2931 643 2996 scribere
673 2924 907 3016 ἓφθημρμερὴς
934 2931 967 2994 et
994 2927 1243 3017 πενθημημερὴς

116 3032 235 3117 155111).
266 3025 493 3120 ἓφθημιμερὴς
523 3036 555 3099 et
576 3031 848 3122 πενθημιμερής),
884 3032 1000 3117 optime
1031 3032 1242 3116 confirmatur.

117 3148 231 3219 'neque
266 3137 364 3201 aliter
391 3136 483 3203 colon
513 3140 662 3223 quattuor
694 3137 825 3222 pedibus
859 3137 1032 3204 subsistens
1065 3139 1242 3222 appellatur
1339 3163 1343 3171 ·

129 3237 364 3326 τετράπουν
388 3237 449 3319 εἰς
470 3238 771 3327 τρισυλλιιβίαν
793 3242 825 3307 in
844 3244 941 3311 schol.
958 3262 1026 3327 pac.
1045 3249 1117 3323 775,
1141 3245 1240 3310 idem·

130 3363 193 3428 que
216 3332 435 3411 catalecticum
458 3341 504 3423 εἰς
528 3340 702 3433 συλλαβήν,
716 3343 888 3425 ,δάκτυλος
909 3341 1150 3434 ἓφθημιμερής,
1183 3349 1242 3413 eti-

125 3448 212 3514 'amsi
243 3449 276 3512 in
306 3451 402 3515 schol.
434 3471 481 3534 eq.
495 3443 588 3515 '1263
628 3450 753 3534 legatur
786 3449 975 3516 ὄακτολικὸν
1009 3445 1242 3538 ἓφθημιμερές.

129 3555 322 3638 pentametri
343 3554 520 3647 exemplum
541 3573 604 3619 nen
625 3555 779 3638 reperitur
787 3604 801 3640 ,o
833 3555 883 3619 oui
913 3555 940 3634 si
964 3553 1125 3638 praecedit
1145 3556 1242 3620 hena·

131 3660 269 3723 metrum
285 3658 497 3742 'dactylicum
516 3662 585 3724 tota
605 3660 684 3725 hacc
699 3642 882 3743 compositio
904 3660 1084 3723 nominatur
1107 3655 1244 3744 ἐλεγεῖον
1277 3687 1281 3693 ·

130 3754 318 3847 Ἀρχιλόχου
341 3762 379 3827 cf.
402 3763 498 3827 schol.
522 3782 590 3847 pac.
616 3770 710 3827 1283.
754 3764 890 3827 metrum
920 3764 1027 3827 autem
1046 3763 1243 3849 Χοιριλεῖον,

132 3866 221 3930 ouius
244 3865 421 3950 exemplum
444 3868 546 3932 exstat
559 3866 593 3931 in
609 3867 704 3932 schol.
720 3867 793 3932 nub.
810 3873 872 3932 467
897 3865 1096 3932 distribuitur·
1116 3867 1149 3931 in
1165 3867 1242 3932 duas

222 4112 237 4166 1
264 4106 344 4178 Apud
371 4107 599 4178 Hephaestionem
632 4113 712 4180 atque
740 4108 900 4164 scholiastes
929 4108 1085 4164 recentioris
1114 4109 1243 4179 temporis

131 4195 234 4265 legitur
260 4203 299 4256 εἰς
324 4196 493 4264 &actitatur
518 4200 546 4250 ct
569 4197 766 4268 τρισύλλυβυν,
799 4203 838 4258 εἰς
864 4199 1047 4279 ιλισυλλαβλαν
1072 4196 1190 4252 traditur
1213 4198 1242 4251 in

132 4282 216 4338 schol.
234 4281 269 4336 ad
286 4283 494 4352 Hephaestionis
512 4285 608 4351 eap.V
626 4283 791 4353 conscriptis.
1021 4278 1024 4286 ’
1082 4279 1086 4284 ’
