2746 4710
190 281 225 335 36
608 276 715 333 Scholia
732 276 761 332 in
782 277 875 334 nubea.

278 441 475 502 518-562.
520 428 648 519 βῖνττύι1
685 433 724 523 66
757 430 860 502 άντων
895 437 958 502 τῶν
987 440 1044 522 τῆς
1077 426 1315 522 παραβάσεως

126 592 130 599 .
187 544 310 628 μερῶν,
350 530 402 628 ἐφ’
433 534 568 605 ἕκαστον
603 544 668 605 τῶν
706 530 950 623 άπολελνμὲνων
986 544 1082 626 τριῶν
1116 535 1261 605 τίθεται
1295 533 1317 628 6

189 638 412 733 παράγραῳος.
434 636 491 725 ούχ
512 635 607 732 ἧττον
629 642 665 710 δὲ
686 642 743 710 καὶ
763 641 823 710 ἐπὶ
842 648 901 710 τού
921 641 1037 728 μέλους
1058 638 1115 709 καλ
1132 647 1194 710 τού
1208 639 1315 730 ἑπιρ-

188 830 294 887 μετρον
311 811 341 865 ἐκ
354 806 520 885 χοριάμβον
539 811 586 863 καὶ
604 813 735 877 βακχείαν
777 807 808 862 τὸ
829 807 854 862 δ
872 807 973 881 ὅμοιον
994 813 1033 879 τιβ
1051 807 1087 880 γ’.
1120 807 1151 863 τὸ
1174 807 1204 864 ε’
1232 809 1313 880 έκβ

185 898 362 974 χοριάμβων.
401 892 433 948 τὸ
453 891 477 957 ς’
496 894 527 948 ἐκ
549 892 698 965 διιάμβου,
729 891 889 970 χοριάμβου
913 898 960 948 καὶ
984 898 1125 965 συλλαβῆς.
1164 895 1198 950 τὸ
1221 896 1252 959 ζ’
1282 897 1314 951 ἔτι

185 983 347 1056 χοριάμβου
366 984 413 1036 καὶ
430 979 625 1057 άμφιμάκρου.
645 981 678 1035 τὸ
697 979 720 1048 η’
740 981 769 1035 έκ
786 979 945 1057 χοριάμβον
964 985 1011 1036 καὶ
1027 986 1170 1053 βακχείαν.
1204 985 1274 1038 εἶτα
1295 983 1312 1052 6

187 1067 349 1144 παράβασις
365 1069 394 1122 6
411 1071 565 1142 τροχαϊκῶν
581 1070 770 1142 τετραμέτρων
796 1071 1004 1135 καταληκτικῶν
1025 1066 1077 1141 με’
1102 1074 1312 1143 συνισταμένη,
1354 1117 1355 1120 ,

188 1145 228 1213 ῶν
249 1158 403 1215 τελευταῖος

362 1255 389 1315 ἔς
407 1253 454 1315 τὰς
472 1253 542 1330 ῶρας
558 1253 607 1315 τὰς
623 1255 717 1329 ἑτέρας
738 1252 768 1309 εὖ
788 1261 903 1330 φρονεῖν
923 1255 1081 1324 δονήσεται.
1181 1300 1185 1305 .

188 1363 298 1431 λέγεται
317 1358 350 1413 δὲ
367 1357 517 1432 τροχαϊκὸν
535 1362 621 1412 τοῦτο
641 1356 672 1411 τὸ
689 1361 805 1431 μέτρον,
828 1359 880 1428 ούχ
898 1355 942 1413 ὅτι
959 1356 1050 1430 μόνον
1068 1365 1220 1434 τροχαίους
1238 1361 1308 1432 ἔχει,

188 1446 246 1500 ἀλλ’
266 1445 295 1499 ἐκ
311 1448 364 1499 τοῦ
382 1442 584 1505 πλεονάζοντος
602 1447 649 1497 καὶ
666 1441 782 1514 μάλισθ’
804 1443 846 1497 ὅτι
867 1445 896 1498 ἔκ
917 1444 1023 1506 παντὸς
1040 1445 1091 1500 τὸν
1109 1444 1134 1507 ζ’
1154 1445 1238 1502 πόδα
1258 1449 1310 1505 τὸν

186 1531 242 1606 πρὸ
263 1537 309 1598 τῆς
327 1534 523 1597 καταληκτικῆς
549 1532 684 1600 συλλαβῆς
708 1536 843 1632 τροχαῖον
862 1531 926 1602 ἔχει.
963 1528 1164 1609 παράβασις
1138 1532 1172 1586 δὲ
1190 1536 1308 1604 λέγεται

186 1637 269 1672 τουτο
288 1616 319 1670 τὸ
338 1615 480 1687 σύστημα,
507 1615 550 1670 ὅτι
570 1618 598 1669 οί
615 1614 771 1682 ποιηταὶ
752 1636 789 1677 ως
804 1616 835 1671 ἐκ
854 1614 994 1688 στόματος
1014 1622 1063 1672 τοῦ
1077 1624 1170 1693 χοροῦ
1188 1619 1307 1692 ἐξέφαι-

187 1723 237 1758 νον
255 1702 325 1778 πρὸς
344 1701 410 1762 τοὺς
427 1699 540 1766 θεατάς,
569 1700 588 1755 6
604 1699 750 1771 ἐβούλοντο
769 1706 904 1772 γενέσθαι
923 1704 1019 1764 αὐτοῖς
1037 1702 1073 1764 ῶς
1093 1709 1215 1767 οἰκείοις
1236 1725 1307 1781 προ«

187 1786 293 1848 σώποις
309 1794 367 1847 τοῖς
382 1793 488 1893 χοροῖς
503 1792 678 1863 κεχρημένοι,
709 1787 779 1858 ὅπερ
803 1791 850 1841 καὶ
873 1794 924 1843 νῦν
948 1779 1029 1848 οὗτος
1047 1795 1127 1844 ποιεῖ
1144 1790 1182 1844 δι’
1205 1796 1306 1848 αἰτίαν

46 1887 51 1895 “
80 1902 83 1908 ·
112 1912 115 1916 »
188 1872 330 1942 τοιαύτην
358 1872 443 1943 νόμος
471 1871 506 1940 ἦν
528 1874 690 1942 Ἀθηναίοις
714 1871 801 1977 6666
826 1874 887 1928 τινὰ
915 1875 985 1931 ἐτῶν
1012 1872 1035 1928 λ’
1064 1874 1207 1946 γεγονότα
1236 1876 1306 1947 μήτε

187 1963 282 2038 δρᾶμα
300 1955 502 2030 ἀναγινώσκειν
520 1959 551 2013 έν
569 1957 689 2035 θεάτρῳ,
709 1957 779 2031 μήτε
801 1952 979 2035 δημηγορεῖν.
998 1960 1085 2032 τούτῳ
1102 1967 1141 2031 τῷ
1159 1958 1243 2068 νόμῳ
1259 1967 1305 2018 καί

172 2049 203 2104 ’ὁ
224 2045 348 2120 κωμικὸς
377 2036 456 2105 οὗτος
482 2043 666 2120 εἰργόμενος
674 2043 811 2120 πρότερον
838 2044 887 2100 διὰ
913 2046 945 2100 τὸ
971 2047 1011 2120 μὴ
1031 2048 1246 2122 τριακονταετὴς
1264 2050 1304 2104 ἔτι
1343 2086 1347 2096 ·

186 2131 335 2204 ὑπάρχειν,
365 2136 455 2186 ποιῶν
476 2128 605 2205 δράματα
625 2130 674 2185 διά
695 2134 877 2188 ΦιλωνίδουΙι
900 2136 948 2187 καὶ
964 2131 1179 2207 Καλλιστράτου
1208 2135 1304 2207 ἀνεγί-
1336 2201 1340 2209 ¹

141 2263 147 2273 .
186 2234 294 2274 νωσκεν
311 2223 350 2278 εἰς
366 2216 396 2271 τὸ
416 2219 586 2290 θέατρον,
566 2235 606 2270 ων
623 2215 686 2270 ἓν
671 2235 706 2284 ην
721 2215 752 2270 τὸ
777 2222 832 2271 τῶν
849 2221 1013 2272 Δαιταλέων
1030 2217 1204 2295 λεγόμενον,
1235 2209 1305 2290 ένβ

118 2309 122 2316 ’
170 2304 238 2360 ,δύο
259 2301 393 2375 είσήγαγε
411 2302 543 2378 μειράκια
562 2300 766 2376 διαλεγόμενα,
787 2301 901 2377 σῶφρόν
919 2323 950 2359 τε
968 2308 1015 2358 καὶ
1028 2302 1152 2378 αἰσχρόν.
1170 2310 1222 2361 καὶ
1234 2311 1303 2362 πολ-

186 2393 246 2450 λοῖς
271 2395 327 2444 τῶν
353 2395 465 2443 θεατῶν
489 2389 662 2464 έπηνέσθηῑ),
692 2389 722 2443 οἰ
750 2395 845 2462 μέντοι
871 2394 918 2444 καὶ
947 2395 1091 2459 νενίκηκεν
1122 2393 1154 2446 ἐν
1176 2391 1303 2466 τούτῳὸ

186 2473 308 2544 ποιητής.
338 2472 437 2543 ἐπιβάς
456 2476 486 2530 δὲ
503 2473 557 2542 666
581 2480 631 2528 τοῦ
647 2473 671 2527 λ’
689 2476 782 2541 ἔτους,
813 2480 860 2530 καὶ
879 2481 960 2531 τοῦτο
978 2476 1013 2544 δὴ
1033 2475 1066 2531 τὰ
1085 2483 1142 2532 τῶν
1163 2484 1304 2553 Νεφελῶν

152 2570 156 2579 “
186 2559 307 2628 ποιήσας
325 2559 361 2615 δι’
381 2561 480 2614 ἑαυτοῦ
500 2559 641 2626 διδάσκει,
659 2564 706 2616 καὶ
723 2567 797 2617 αἰτεῖ
815 2564 893 2637 παρὰ
912 2568 969 2618 τῶν
986 2567 1106 2630 θεατῶν,
1125 2561 1209 2620 ἃδεῖ
1224 2569 1303 2638 γενέ-

186 2654 256 2702 σθαι
279 2645 367 2718 αύτιβ,
389 2644 450 2714 6102
476 2645 507 2700 τὸ
525 2651 638 2713 νικῆσαι
662 2653 700 2718 τιβ
724 2645 856 2721 δράματι
885 2641 976 2726 Vict.]]
1031 2648 1115 2704 6626
1135 2653 1303 2707 Φιλωνίδου

184 2734 261 2805 Reg„
280 2737 313 2789 ut
329 2733 520 2790 emendaverat
537 2733 724 2799 Hermannus,
750 2734 820 2790 Vict.
837 2739 884 2790 καὶ
905 2740 967 2791 φιλ
1058 2735 1113 2791 be
1100 2736 1228 2812 ἐπῃνέθη
1251 2739 1303 2794 Βο·

185 2820 255 2892 gius,
275 2820 346 2876 Dub
366 2821 508 2896 ἐπηνίσυη

276 2924 293 2979 1
325 2920 404 2976 Alius
433 2918 630 2978 Grammaticus
665 2919 732 2977 haee
764 2921 857 3000 ᾶοοολι
890 2920 911 2977 ὦ
940 2919 1100 2994 θεώμενοιι
1138 2922 1304 2998 παράβασις

184 3014 233 3063 τοῦ
247 3013 340 3084 χοροῦ
357 3009 388 3064 R.
408 3008 442 3062 V.
482 3003 546 3088 [[‘H
565 3006 726 3083 παράβασις
748 3010 830 3064 δοκεῖ
854 3009 908 3082 μὲν
932 3009 962 3063 ἐκ
981 3014 1031 3064 τοῦ
1044 3012 1133 3083 χοροῦ
1154 3012 1303 3080 λέγεσθαι.

185 3091 295 3164 εἰσάγει
317 3092 398 3147 δὲτὸ
418 3094 516 3148 ἑαυτοῦ
530 3093 687 3170 πρόσωπον
706 3093 721 3148 6
739 3081 883 3166 ποιητής.]]
910 3093 1068 3169 παράβασις
1085 3095 1119 3149 δέ
1134 3094 1216 3151 ἔστιν
1235 3094 1304 3153 ὅταν

123 3216 126 3221 ·
184 3179 235 3233 *ἐκ
257 3184 304 3247 τῆς
325 3183 460 3254 προτέρας
484 3177 606 3242 στάσεως
624 3179 744 3255 ὁχορὸς
769 3181 893 3254 μεταβὰς
915 3181 1019 3242 ούτωςῑ)
1047 3181 1213 3258 άπαγγέλλη
1232 3185 1306 3260 πρὸς

184 3265 237 3321 τὸν
256 3266 349 3346 δῆμον
365 3265 487 3341 ἀφορῶν.
506 3267 578 3337 (εἴδη
598 3267 630 3321 δὲ
648 3266 835 3341 παραβάσεων
853 3265 936 3322 ἑπτά·
953 3269 1030 3322 άπλᾶ
1048 3267 1102 3339 μὲν
1119 3274 1204 3343 τρία,
1230 3269 1303 3326 κατὰ
1337 3315 1341 3322 .

185 3351 217 3405 δὲ
235 3354 351 3420 σχέσινο
370 3351 497 3426 τέσσαρα.
514 3351 548 3406 τὰ
568 3353 621 3423 μὲν
639 3351 690 3407 οὖν
707 3353 784 3407 άπλᾶ
802 3354 860 3409 ἔστι
875 3360 978 3429 ταῦτα·
997 3353 1174 3428 κομμάτιον·
1207 3358 1303 3434 παρά-

183 3445 265 3506 βασις
284 3435 452 3511 ὁμωνύμως,
477 3437 557 3507 ἣκαὶ
577 3436 752 3502 ἀνάπαιστος
767 3444 905 3508 καλεῖται,
932 3442 993 3496 ἐπεὶ
1012 3439 1148 3500 πολλάκις
1165 3442 1197 3496 ἓν
1215 3442 1303 3520 ταύτῃ

129 3591 133 3601 Ι
183 3521 243 3594 ἆτιβ
250 3525 424 3599 ἀναπαίστῳ
437 3529 553 3599 χρῆται·
581 3532 714 3596 θπνιγος,
744 3525 826 3580 ὃκαὶ
844 3525 960 3603 μακρόν.
990 3525 1034 3582 τά
1045 3529 1075 3582 δὲ
1097 3526 1168 3583 κατὰ
1190 3535 1301 3634 σχέσιν,

186 3593 306 3686 στροφή,
329 3611 521 3686 ἀντίστροφος,
548 3611 701 3687 ἐπίρρημα,
727 3612 928 3686 άντεπίρρημα.
947 3612 1031 3683 ἡμὲν
1051 3613 1102 3670 οὖν
1122 3615 1233 3690 στροφὴ
1251 3619 1301 3672 καὶ

125 3759 129 3766 Ι
184 3695 376 3771 ἀντίστροφος
401 3704 623 3802 συγεμπίπτουσι
652 3696 720 3752 κατά
746 3696 778 3751 τὸ
796 3706 899 3773 μέτρον
918 3698 1016 3766 καὶτὰ
1035 3704 1122 3754 κῶλα
1151 3698 1246 3756 πάλιν
1263 3701 1298 3757 τὸ

183 3782 322 3859 ἐπίρρημα
346 3787 392 3837 καὶ
410 3783 442 3838 τὸ
462 3781 565 3840 άνίτεπ
565 3805 663 3860 ρρημα.
703 3766 842 3855 [τινλὲς
810 3786 842 3840 δὲ
865 3774 1050 3861 προστιθέασι
1072 3790 1119 3840 καὶ
1145 3786 1226 3856 ᾠδὴν
1249 3791 1299 3843 καί

184 3867 319 3938 ἀντῳδην.
342 3871 437 3940 έχουσι
455 3869 510 3945 γάρ
528 3875 576 3926 καὶ
593 3872 678 3926 ταῦτα
697 3876 793 3941 σχέσιν
813 3871 885 3948 πρὸς
903 3870 1027 3944 ἄλληλα]
1062 3873 1150 3943 ἠμὲν
1167 3871 1222 3929 οὖν
1240 3894 1298 3929 πα-

97 3984 100 3991 ·
183 3952 333 4059 ράβασις
317 3976 334 4008 ιι
350 3957 380 4009 ἐκ
394 3955 498 4012 τούτων
513 3963 679 4030 συγκειμένη
698 3962 790 4013 τελεία
808 3959 876 4012 ἔστί.
898 3961 953 4012 είσὶ
971 3960 1007 4014 δὲ
1020 3980 1055 4013 κα
1056 3956 1296 4037 ὶάτελεῖςπαρα-
1309 3950 1312 3955 ’

182 4036 290 4107 βάσεις,
310 4031 348 4094 ῶν
358 4042 425 4097 ἐστι
444 4048 491 4098 καὶ
509 4042 596 4114 αύτη.)
667 4043 775 4104 aenae
792 4064 870 4118 προτ.
888 4045 920 4099 R.
939 4046 1001 4099 ἐκ
985 4049 1031 4115 τῆς
1048 4050 1185 4123 προτέρας
1206 4048 1297 4108 Ιλίῐίιπ.

182 4123 199 4179 b
221 4144 308 4186 ουτως
326 4127 359 4180 V
378 4132 406 4184 et
422 4132 454 4184 ut
471 4131 577 4187 videtur
600 4132 642 4197 Β,
661 4133 691 4187 in
710 4146 762 4201 quo
781 4131 876 4186 litarae
895 4136 1073 4189 evanuerunt.
1099 4133 1296 4212 ἀπαγγέληΒ.

181 4200 244 4266 Ald.
276 4211 481 4291 ιιπαγγείλην
518 4218 663 4291 ἀπαγγέλη
683 4217 772 4274 Dfibn.
878 4222 1023 4288 οεῖδηδὲ
1041 4225 1087 4289 τῆς
1105 4223 1296 4297 παραβάσεως

77 4312 137 4436 ἱ
183 4294 303 4368 ἁπλᾶγ’
322 4303 393 4375 καὶ
398 4303 467 4358 κατὰ
493 4305 642 4374 σχέσινἾ.
678 4305 846 4366 scribendum
871 4310 913 4364 est
941 4309 1002 4376 εἴδη
1032 4307 1065 4362 δὲ
1092 4313 1140 4376 τῆς
1162 4325 1194 4364 π.
1213 4308 1295 4379 ἑπτά,
