2746 4710
546 271 654 327 Scholia
670 273 699 327 in
716 289 816 342 pacem.
961 265 976 320 .'
1201 274 1237 329 93

125 429 287 496 παιστικδ
328 427 426 495 1δέκα
457 427 695 515 δπιμεμιγμένα
733 431 1078 517 προκελευσματικοῖς,
1115 424 1245 522 τούτων7

129 532 190 601 ἓδὲ
212 532 254 599 τά
283 532 342 618 μέν
372 528 506 621 δίμετρά
527 530 609 598 εἰσιν
635 526 858 622 άκατάληκτα,
894 533 936 599 τά
958 527 999 598 δ’
1029 530 1236 623 ἑκμδῆμιμερῆ

101 622 181 704 ’καί
200 632 335 722 βάσεις,
375 635 456 720 μετά
488 636 524 702 δὲ
555 641 658 703 ταῦτα
690 634 824 722 ίαμβεῖα
855 632 896 717 ζ’.
941 641 998 725 τῆς
1027 637 1062 703 δέ
1089 636 1238 726 δευτέρας

116 728 272 829 στροφῆς
293 739 334 805 τὰ
357 742 445 806 κῶλα
467 736 556 828 τριά,
586 732 629 806 ὧν
653 739 691 807 τὸ
713 740 774 825 μὲν
797 745 927 828 πρῶτον
947 737 1113 824 ἰαμβεῖον,
1139 739 1181 806 τά
1202 733 1237 806 δ’

125 844 209 912 wa
230 838 472 925 άναιταιστικά,
510 842 725 933 δίμετραμὲν
745 842 858 934 δίμφω,
895 843 932 910 τὸ
958 843 996 910 δέ
1018 869 1071 910 τοι
1093 843 1238 931 δεύτερον

125 943 367 1036 καταληκτικόν.
397 944 415 1016 δ
439 944 512 1034 ἑξῆς
534 954 592 1014 τοῦ
611 945 790 1036 ὑποκριτοῦ
816 945 925 1030 στίχος
946 945 1100 1033 ἰαμβικὸς
1121 943 1235 1036 τετρά-

125 1077 243 1139 μετρος
264 1051 505 1140 καταληκτικός.
547 1056 605 1139 τῆς
627 1051 737 1139 τρίτης
759 1055 900 1140 στροφῆς
925 1051 965 1117 τὰ
987 1055 1076 1118 κῶλα
1097 1043 1239 1138 άναπαι·

92 1209 96 1216 .
127 1149 224 1225 στικά
256 1156 399 1243 τέσσαρα
430 1155 515 1244 πλὴν
548 1161 605 1222 τοῦ
637 1152 820 1221 τελευταίου
851 1147 1061 1245 άκατάληκτα.
1105 1153 1136 1223 οί
1168 1152 1240 1246 ἑξῆς
1311 1179 1317 1189 ·

126 1253 230 1338 αὖθις
245 1264 302 1326 ταῖι
322 1257 499 1348 ὑποκριτοῦ
521 1257 670 1344 ἶαμβικοί
692 1254 901 1383 τετράμετροι
923 1257 1159 1386 καταληκτικρί.
1182 1267 1240 1350 τῆς

89 1374 94 1381 ’
126 1363 165 1431 δε
184 1358 339 1452 τετάρτης
360 1386 502 1489 στροφῆς
521 1363 562 1430 τά
585 1367 673 1430 κιῦλα
694 1356 855 1429 Ιωνικδι’
834 1363 904 1431 απδ
928 1360 1130 1447 μείζονος
1097 1385 1139 1446 ς,
1165 1363 1240 1430 ἑπι-

125 1465 304 1592 μεμιγμένα
343 1465 469 1533 παίωσι
503 1466 558 1533 καί
599 1470 777 1556 κρησικοῖς,
817 1463 1024 1557 άκατάληκτα
1060 1466 1144 1554 πλὴν
1181 1472 1241 1534 τοῦ

127 1570 284 1666 πέμπτου
306 1573 536 1658 καταληκτικου
558 1571 613 1637 καί
634 1594 736 1670 τους
742 1568 929 1697 ’ῆμιολίρυ
958 1565 1052 1660 ὑφ’(
1034 1597 1107 1638 σαι
1096 1565 1240 1659 άρ-ιιμο

126 1674 273 1763 τέρωθεν
295 1671 356 1755 εξω
377 1677 501 1744 διπλαῖ.
546 1666 762 1742 τιθέσθωσαν
789 1675 825 1741 δέ
855 1672 916 1742 κάν
938 1681 1011 1755 ταῖς
1033 1667 1239 1742 άποδέσεσιν

128 1775 165 1844 αί
186 1775 429 1867 παράγραφοιῆ]
525 1858 527 1863 Ι

220 1890 459 1951 1039-1126.
514 1881 606 1949 ταυτί
644 1881 834 1971 δέδραταιι
873 1881 1039 1972 [Κορωνὶς
1075 1878 1240 1950 εἰσιόντων

120 1982 247 2073 ’ἑτέρων
265 1983 469 2071 ὑποκριτῶν.
515 1982 545 2052 οἳ
577 1985 613 2052 δὲ
644 1984 749 2068 στίχοι
777 1984 842 2052 εἶσὶ
865 1987 933 2070 πζ’,
971 1980 1015 2053 ὧν
1044 1983 1080 2053 σί
1104 1985 1164 2070 μέν
1185 1982 1239 2052 κδ’

128 2089 279 2177 ίαμβικοί
315 2088 481 2178 τρίμετροι
518 2082 751 2179 άκατάληκτοι,
793 2088 823 2156 οί
863 2087 935 2180 ἑξῆς
966 2086 1024 2174 μα’
1056 2089 1241 2156 δακτυλικοί

129 2192 307 2282 ἓξάμετροι.
332 2193 405 2284 ἑξῆς
425 2195 544 2262 τούτων
567 2197 668 2262 κῶλον
689 2193 801 2280 ὅμοιον
823 2194 859 2261 ἐκ
882 2192 1074 2261 σπονδείων.
1115 2191 1146 2260 οὶ
1169 2189 1243 2282 ἑξῆς

129 2297 214 2365 δέκα·
229 2299 416 2367 δακτυλικοί
437 2295 611 2386 έξάμετροι.
634 2296 711 2383 μεθ’
743 2293 796 2378 δίς
818 2296 950 2384 ίαμβιῖα
979 2293 1041 2383 ιβ’,
1071 2290 1114 2365 ὧν
1135 2300 1241 2364 τελευ-

129 2407 224 2469 ταῖον
254 2399 338 2485 ,οὐκ
370 2402 575 2492 ἀποπετήσει
608 2409 732 2469 θάττον
762 2401 809 2482 είς
839 2396 1032 2489 Ἐλάμνιον.“
1078 2402 1137 2468 ἐπὶ
1170 2408 1243 2480 ταῖς

130 2499 319 2574 άποθέσεσι
341 2503 565 2596 παράγραφος.
603 2506 661 2574 έπί
684 2512 730 2595 τῷ
751 2507 837 2574 τέλει
859 2505 1017 2596 κορωνίς.]

162 2679 166 2685 ,
222 2639 359 2696 1127-
368 2637 461 2696 1158
513 2627 682 2716 [ῆδομαιε
714 2626 894 2695 Κάνταυθα
923 2625 1115 2715 παράβασίς
1143 2627 1240 2710 ἐστιν,

130 2724 202 2798 ἄλλ’
225 2725 282 2798 οὐκ
304 2730 369 2816 έχει
392 2733 502 2798 πάντα
523 2733 564 2798 τὰ
584 2733 680 2822 μέρ,η
709 2728 809 2817 μόνην
829 2733 922 2799 δέ
887 2759 944 2822 την
968 2725 1050 2821 ιμδην
1071 2733 1125 2798 καί
1147 2755 1243 2821 στρο-

125 2836 210 2959 ιμήν,
249 2835 325 2903 τὸ
309 2834 486 2963 επίρρημα,
523 2839 580 2925 τῆν
609 2830 752 2925 άντωδῆν
778 2836 834 2903 καί
858 2828 1089 2961 άντιστρομιῆν,
1126 2835 1182 2901 καί
1204 2835 1242 2902 τὸ

131 2933 317 3065 άντεπιρρηρ
305 2967 361 3025 flua
400 2939 471 3007 ἐστι
491 2947 565 3027 γοῦν
587 2947 645 3029 τῆς
667 2939 832 3028 παρούσης
854 2936 939 3029 ᾠδῆς
961 2939 1016 3005 καί
1037 2947 1180 3029 στροφῆς
1202 2939 1243 3004 τὰ

131 3047 222 3112 κωλοι
243 3040 296 3130 ιγ’.
340 3044 382 3110 τά
403 3040 447 3128 α’,
472 3045 513 3110 θ’
533 3044 730 3142 χοριαμβικά
758 3039 897 3133 ῆμιάλιιι.
941 3042 1055 3128 τάβ’,
1079 3043 1188 3129 y'‚6'‚
1211 3043 1244 3110 ε’

131 3145 230 3276 ὅμμια
251 3144 391 3236 εφδημη
378 3153 466 3275 μερῆ
483 3147 556 3229 έξ’
541 3146 725 3236 επιτρίτων.
763 3147 801 3214 τὸ
826 3147 863 3227 ς’
885 3140 1139 3216 άντισπαστικδν
1161 3155 1190 3212 Γ
1189 3150 1243 3216 λυ

99 3239 102 3245 *
132 3251 274 3318 κώνειον.
318 3253 355 3327 τὸ
386 3248 460 3333 ζ’τ
448 3249 561 3337 άμοιον
591 3251 886 3341 δπερκατάληκτον.
930 3252 1033 3342 τὸη’
1065 3252 1244 3321 παιωνικδν

133 3355 283 3443 δίμετρον
305 3348 532 3447 άκατάληκτον.
555 3356 595 3422 τὰ
617 3356 653 3441 ι’,
678 3352 728 3422 ια’
751 3357 903 3443 τροχαϊκά
925 3355 1058 3443 δίμετρα
1079 3359 1243 3446 ἀκατάλη-

97 3530 101 3536 ,
133 3477 210 3524 κτα·
239 3459 281 3524 τά
305 3459 365 3547 γάρ
394 3459 499 3525 λοιπὰ
520 3455 741 3549 Ιέφδιμιιμερῆ.
762 3461 800 3527 τδ
822 3461 1001 3527 τελευταῖον
1028 3459 1242 3549 παραμραφέ-

134 3568 226 3646 σθω,
249 3562 305 3629 καί
325 3569 364 3651 τῇ
389 3559 454 3629 έσω
475 3566 576 3653 διπλῆ
600 3559 817 3653 σημειοάσθω.
846 3571 884 3653 τῆ
909 3556 988 3653 αὐτῆ
1009 3563 1126 3651 καὶτὸ
1147 3561 1244 3651 ε’πίρ-

133 3692 227 3756 ρημα.
274 3672 369 3733 τοῦτο
397 3665 434 3733 δέ
460 3668 556 3756 δῆλον
578 3663 622 3745 ὡς
643 3672 822 3752 τροχαϊκών
851 3666 921 3733 έστί
942 3666 1165 3755 τετραμέτρων
1186 3665 1242 3748 ις’,

133 3768 207 3853 έχον
237 3770 294 3836 καί
323 3769 366 3849 έν,
384 3769 516 3836 ἐκθέσει
545 3773 631 3837 κῶλα
667 3756 765 3855 ὅμοια
792 3768 883 3857 τρία,
924 3769 1008 3859 πλῆν
1040 3774 1097 3836 τοῦ
1125 3767 1243 3857 τρίτου,
1265 3822 1298 3839 ·.

124 3872 180 3957 δίρ
167 3898 270 3960 μετρα
292 3870 504 3962 άκατάληκτα.
549 3871 702 3952 ὡσαύτως
729 3872 766 3939 δέ
787 3873 844 3938 καὶ
866 3871 904 3939 τὸ
926 3869 1157 3961 άντεπίρρημα.
1191 3870 1243 3964 ὕφ’

135 3970 232 4000 ut)

134 4004 153 4046 ο
175 4004 194 4066 η
218 3977 280 4058 εξω
300 3979 422 4065 διπλῆ]

224 4209 238 4261 1
263 4202 296 4260 In
318 4219 428 4262 numero
452 4200 516 4263 ίοιί.
538 4206 656 4264 erratum
679 4203 794 4281 videtur.¹
917 4202 934 4260 2
960 4205 990 4261 δ’
1015 4203 1103 4280 δμεν
1124 4204 1242 4262 -1‘26’

134 4292 241 4367 έφδημ.
