2746 4710
187 217 224 273 50
606 212 714 269 Scholia
731 212 760 268 in
778 227 882 282 vespas.

277 378 1312 440 230-247................

277 485 473 550 248—272.
517 473 574 542 τὸν
589 469 702 563 πηλόν,
726 467 751 540 ῶ
773 469 877 559 πάτερ
895 497 903 541 :
925 471 991 558 (Tb
1006 470 1042 538 δέ
1056 471 1177 560 μέτρον
1202 469 1311 538 ἐντεῦ-

188 586 250 647 θεν
269 577 409 670 ῆλλαξεν.
445 575 517 645 ἔστι
553 577 631 666 1γὰρ
665 572 815 662 ’μικτόν,
852 574 1007 643 συντεθὲν
1033 573 1069 641 έκ
1091 601 1127 642 τε
1152 573 1311 660 ἰαμβικυύ

192 682 362 774 3διμέτρου
391 677 614 770 άκαταλῆκταυ
650 680 706 746 καὶ
736 678 962 769 ἰθυφαλλικοῢ.
1007 676 1025 745 ό
1055 679 1091 746 δέ
1119 677 1310 766 ῖθύφαλλος
1334 714 1336 719 ·

185 788 357 877 τραχαῖκῆν
379 783 526 873 συζυγίαν
547 781 611 868 ἔχει
633 782 782 875 δι’μετρον
806 779 1120 874 βραχυκατάληκτον,
1154 783 1308 850 τουτέστι

187 897 275 979 τρεῖς
297 886 487 980 τρυχαῖους.)

278 1018 390 1077 272-
435 1001 617 1094 ῆστάντεςε
645 1005 719 1094 Πρὸ
753 1010 816 1073 τῶν
851 1011 962 1094 θυρῶν
994 1009 1051 1073 τοῦ
1083 1004 1307 1086 Φιλοκλέωνος

190 1112 323 1192 στάντες
346 1108 377 1178 οῖ
400 1118 457 1177 τοῦ
485 1117 582 1199 χοροῖι
610 1111 648 1177 τὸ
681 1109 841 1195 στάσιμον
867 1107 983 1199 ᾄδουσι
1012 1107 1118 1195 μέλος.
1154 1109 1305 1198 τῶνγὰρ

185 1223 321 1307 χορικῶν
357 1218 462 1301 μελῶν
500 1214 541 1281 τὰ
577 1213 635 1299 μέν
674 1214 744 1281 ἐστι
783 1213 963 1303 παροδικά,
1009 1211 1053 1294 ῶς
1084 1213 1121 1280 τὸ
1164 1211 1305 1297 ,ἀέναοι

190 1319 340 1411 νεφέλαι,
372 1313 528 1406 άρθῶμεν
549 1314 689 1408 φανεραί
695 1325 726 1400 ,“
763 1316 819 1385 καὶ
841 1317 879 1385 τὸ
903 1315 1132 1408 προειρημένον
1157 1316 1304 1386 ἐνταῦθα

188 1422 310 1513 ,χῶροι
354 1421 501 1512 πρόβαιν’
539 1421 763 1511 ἕρρωμένιος.“
814 1422 856 1489 τὰ
898 1421 934 1490 δέ
972 1421 1128 1507 στάσιμα,
1178 1417 1225 1502 ῶς
1268 1422 1304 1489 τὸ

189 1525 305 1616 παρόν.
341 1527 396 1594 καὶ
429 1518 505 1615 παρ’
526 1523 684 1614 Αἰσχύλῳ
709 1579 728 1609 ,,
738 1525 840 1594 στένω
861 1550 898 1592 σε
919 1533 978 1606 τᾶς
998 1520 1178 1611 οὐλομένας
1198 1521 1304 1609 τύχας,

189 1635 401 1720 Προμηθεύ.“
422 1631 464 1698 τὰ
485 1629 522 1697 δὲ
544 1630 730 1718 προφδικά,
757 1631 799 1696 τὰ
824 1629 861 1698 δὲ
883 1628 1064 1718 μεσφδικά,
1091 1631 1133 1696 τά
1158 1629 1196 1697 δὲ
1219 1628 1304 1720 ἔτορε

190 1734 281 1815 δικά,
312 1734 389 1821 περὶ
418 1727 461 1801 ῶν
490 1731 683 1822 προείρηται
711 1731 798 1814 τίνος
824 1729 917 1824 χάριν
949 1732 1032 1801 ούτιυ
1054 1737 1240 1820 καλαῖαιαι,
1265 1734 1304 1802 τὰ

189 1838 226 1908 δὲ
248 1836 379 1921 έξοδικὰ
400 1835 420 1928 ῆ
440 1833 682 1928 ύποχωρητικά,
703 1836 787 1927 άπερ
803 1837 862 1904 ἐπὶ
882 1845 922 1928 τῆ
937 1837 1037 1925 ἐξόδῳ
1058 1841 1116 1904 τού
1138 1834 1305 1926 δράματος
1352 1899 1353 1902 ,

189 1941 319 2034 ᾄδεται,
340 1940 385 2023 ῶς
407 1941 440 2009 ἐν
462 1949 509 2032 τῷ
529 1937 680 2010 Πλούτου
707 1936 849 2030 δράματι
870 1941 908 2010 τὸ
930 1933 1067 2024 ,οὐκέτι
1089 1949 1145 2008 νῦν
1167 1934 1194 2029 χ’
1218 1941 1305 2022 εἰκὸς

188 2046 316 2132 μέλλειν
338 2039 405 2114 οὐδ’
427 2045 527 2137 ἡμᾶς,
564 2038 632 2113 άλλ>
656 2037 827 2135 άναχωρεῖν
849 2041 896 2124 εἷς
915 2040 1129 2115 τούπισθεν.“
1174 2047 1229 2114 δεῖ
1248 2048 1304 2134 γὰρ

188 2145 328 2218 κατόπιν
349 2146 472 2218 τούτων
493 2147 629 2240 ᾄδοντας
650 2147 849 2238 έπεσθαι.“]]

199 2342 200 2346 ς
281 2279 509 2339 ειν-εει..
548 2323 556 2340 .
595 2314 598 2318 »
602 2321 1304 2340 ..............

279 2383 475 2444 365-370.
521 2367 631 2461 [[άλλὰ
661 2381 717 2441 νῦν
747 2370 922 2463 ἒκπόριζεε
954 2373 1006 2439 Ἣ
1031 2366 1195 2460 α’μοιβαύα
1227 2374 1304 2464 αύτῆ

192 2479 317 2568 στροφὴ
348 2475 453 2545 έῖιικεν
484 2471 569 2545 εἶναι
598 2474 795 2568 άντιστροφῆ
826 2485 885 2566 τῆς
913 2474 982 2545 άνω
1009 2477 1164 2567 ῥηθείσῆς
1186 2474 1304 2564 ὁμοίας

191 2588 349 2672 στροφῆς,
385 2573 453 2649 ἀλλ’
484 2578 572 2649 ἔστιν
602 2580 744 2672 ἐλλιπής.
782 2579 899 2666 στίχων
929 2577 990 2670 γάρ
1018 2581 1088 2649 ε’στι
1116 2581 1173 2649 καὶ
1193 2583 1305 2651 κῶλων

191 2679 293 2767 όκτῶ,
317 2677 359 2753 ῶν
378 2683 564 2775 τὸπρῶτον
586 2687 757 2777 τροχαῖκὸν
776 2682 986 2777 τετράμετρον
1003 2683 1247 2776 καταληκτικόν.
1267 2687 1303 2755 τό

190 2786 225 2876 β’
256 2787 407 2876 ἰαμβικὸν
434 2788 584 2878 δι’μετρον
612 2782 834 2880 άκατάλῆκτον
860 2789 915 2857 καὶ
945 2790 983 2857 τὸ
1007 2790 1050 2872 ς’.
1092 2790 1134 2859 τὰ
1159 2783 1194 2858 δ’
1223 2787 1305 2859 ἄλλα

191 2893 288 2979 ὅμοια
309 2899 356 2983 τῷ
378 2893 500 2982 πρῶτφ
522 2893 581 2961 ἐπὶ
604 2899 652 2984 τῷ
673 2893 759 2962 τέλει
780 2891 941 2984 κορωνύς.]]

281 3021 467 3081 370-414
470 3066 1304 3085 .................

279 3142 475 3201 415-462,
521 3127 575 3221 [[ιύ
604 3128 717 3222 ’μαθοὶ
744 3137 783 3204 τὸ
810 3140 967 3222 προῖχμαε
996 3131 1156 3214 means
1186 3138 1322 3228 διπλῆς·

122 3239 125 3243 ’
191 3229 370 3323 άμοιβαίας
391 3236 428 3304 ἐκ
451 3234 567 3320 στίχων
586 3233 653 3328 μῆ,
684 3230 728 3304 ὧν
750 3239 783 3304 οἱ
811 3244 938 3327 πρῶτοι
958 3243 1046 3327 τρεῖς
1064 3239 1230 3327 τροχαῖκοί
1253 3265 1317 3308 τε·.

191 3339 364 3430 τράμετροι
386 3338 624 3430 καταληκτικοί.
647 3338 677 3408 οῖ
701 3336 774 3431 ἑξῆς
797 3336 855 3409 δύο
871 3336 1120 3409 άνιισπαστικοὶ
1137 3340 1306 3434 τρίμετροι

191 3438 410 3532 άκατάλῆκτοι
433 3443 679 3530 ε’πιμεμιχμένοι
701 3443 883 3535 ἑπιτρίτοις
905 3445 961 3513 καὶ
983 3441 1160 3533 διιάμβοις.
1183 3443 1217 3513 οῖ
1233 3445 1307 3539 ἑξῆς

191 3544 312 3616 τούτων
334 3547 419 3616 όκτώ
439 3548 605 3636 τροχαῖκοί
628 3545 835 3638 τετράμετροι
856 3548 966 3635 ὅμοιοι
985 3555 1056 3631 τοῖς
1080 3546 1235 3639 πράτοις.
1274 3547 1306 3620 οῖ

191 3652 314 3720 τούτων
344 3649 416 3742 ἑξῆς
433 3651 470 3738 β’
492 3645 744 3722 άντισπαστικοὶ
764 3651 930 3744 τρίμετροι
959 3654 1068 3739 όμοιοι
1096 3658 1167 3734 τοῖς
1190 3659 1306 3745 ῥηθεῖ-

281 3881 295 3936 1
314 3878 368 3955 γὰρ
387 3897 438 3935 om.
457 3880 489 3934 V.
566 3879 584 3933 2
602 3879 705 3954 μικρὸν
721 3880 755 3935 V.
825 3880 842 3933 3
861 3880 993 3953 διμέτρου
1013 3878 1202 3949 άκαταλῆκτου
1221 3881 1304 3938 Dind.

190 3966 331 4036 legebatur
350 3972 494 4042 τριμέτρου
514 3966 707 4033 άντιληκτικοῡ
726 3966 900 4036 (ἀντιληποῦ
917 3964 970 4035 λλ).
996 3966 1078 4023 verba
1094 3982 1162 4038 quae
1183 3984 1304 4040 sequun-

191 4056 236 4108 tur
254 4053 426 4109 fortasse‘sic
444 4055 508 4108 sunt
524 4051 704 4109 emendanda:
723 4053 739 4105 ὁ
758 4052 789 4106 δὲ
805 4050 1029 4124 ῖθυφαλλ(ικ)ός,
1050 4053 1183 4128 δίμετρον
1200 4063 1303 4131 βραχυ-

192 4137 374 4208 κατάληκτον,
397 4138 549 4214 τροχαϊκῆν
575 4140 709 4208 συζυγίαν
731 4137 788 4206 ἔχει
812 4138 869 4205 (καὶ
887 4137 990 4207 πόδα),
1009 4143 1133 4193 τουτέστι
1150 4147 1222 4215 τρεῖς
1239 4162 1303 4217 τρο-

189 4230 289 4298 χαίους
