2746 4710
134 267 136 273 ¹
173 286 209 343 22
587 282 695 340 Scholia
716 282 745 340 in
764 299 869 354 vespas.

173 434 267 519 λόκις
300 433 412 523 εἶπον,
446 436 499 508 ότι
529 432 752 527 ὑπολαμβάνει
785 439 820 508 ἐν
854 446 926 521 τοῖς
960 436 1103 530 πρώτοις
1135 436 1297 528 ἀντιγρά-

173 569 252 635 φοις
279 543 468 634 φθαρέντα,
499 542 551 613 ὅτι
577 544 635 630 μὲν
655 552 798 613 τοσαῖπα
826 538 864 635 ἦν
885 545 942 612 τὸν
969 543 1114 634 ἀριθμὸν
1135 552 1297 636 γνωσθῆ-

173 674 240 732 ναι,
263 641 301 716 οὗ
321 648 385 739 μὴν
405 646 486 719 τίνα.
517 649 615 718 Μετὰ
630 648 668 720 τὸ
683 649 857 736 διάλειμμα
877 648 911 719 ἐν
925 652 1062 731 πολλοῖς
1082 650 1296 740 φέρονται

174 749 314 836 στίχοι
335 753 607 842 (παιωνικοὶ)
630 749 734 821 ἑπτὰ
756 753 826 821 καὶ
856 750 1143 843 τετράμετρον
1169 758 1296 843 (τρο-

170 852 353 946 χαῖκόν),
389 850 439 925 ὧν
477 857 495 925 ό
532 865 628 938 νοῦς
664 850 709 926 οό
739 862 957 947 προσπίπτει.
998 854 1206 950 Ἡλιόδωρος.
1245 899 1293 908 -

174 961 285 1051 [Μετὰ
305 960 362 1029 τόν
386 959 495 1046 στίχον
518 960 574 1029 τὸν
601 965 832 1051 γλωττοποιεῖν
856 960 904 1042 εἷς
934 962 975 1028 τά
1004 962 1129 1052 πορνεῖ’
1153 957 1294 1042 εἰπόνθ’

173 1061 354 1134 ἑκόοτοτε“
388 1063 455 1133 εἰσὶ
488 1060 588 1135 τόποι
616 1061 713 1148 ἑπτά,
734 1064 860 1149 ἐγοντες
883 1066 1021 1154 στιγμάς
1051 1064 1160 1153 [καὶ]
1192 1059 1295 1134 άλό-

174 1174 271 1256 νοω]
296 1211 338 1220 -
360 1171 399 1237 V·
1332 1229 1337 1243 .

263 1274 384 1345 Deinde
404 1275 584 1362 fragmenta
607 1279 731 1344 exstant
750 1281 783 1343 in
806 1277 903 1343 schoL
918 1297 967 1344 av.
985 1282 1068 1343 1058
1085 1268 1296 1341 Εἰάθασι-

174 1376 345 1469 πεποίηκε.
390 1388 473 1449 1731
503 1378 597 1468 τριάς
623 1376 779 1469 ε’πιγόική.
825 1383 910 1448 Plut.
940 1389 1002 1448 302
1034 1382 1107 1448 inde
1136 1401 1156 1447 a
1182 1381 1297 1450 verbis

174 1480 192 1553 ὁ
214 1482 360 1572 όεότερος
378 1481 592 1572 τετράμετρος
604 1524 645 1533 -
667 1479 686 1552 ό
707 1482 744 1551 de*
764 1483 904 1570 ἕβδομος
926 1481 1076 1575 όίμετρος
1096 1483 1296 1573 καταληπτι-

176 1587 249 1670 κός,
273 1597 336 1656 322
352 1585 494 1677 κορωνίς.
516 1592 595 1658 Ran.
612 1598 689 1672 316,
714 1596 794 1675 384,
810 1629 852 1638 -
869 1590 982 1658 desunt
997 1590 1030 1656 in
1045 1590 1143 1657 schol.
1158 1590 1295 1675 Lysistr.

176 1694 296 1762 ΕοοΙοε.
319 1697 352 1762 ot
372 1696 596 1780 Thesmophor.
731 1691 734 1695 ’

173 1927 267 1997 τρίτον
284 1919 391 1996 όγιόσον
410 1927 587 1997 προςπίπτιι.
621 1919 804 1991 Ἡλιόδωρος,
833 1919 903 1993 μετά
921 1919 971 1977 τὸν
992 1924 1090 1992 στίχον
1109 1919 1159 1974 τὸν
1174 1923 1296 1991 ,γλωτ-

174 2014 302 2065 τοποιεῖν
328 2010 367 2070 εἰς
391 2006 425 2060 τά
451 2007 565 2080 πορνεῖ’
594 2005 708 2068 εἰπόνθ’
736 2005 890 2062 {marom
908 2010 963 2061 εἰσὶ
981 2005 1065 2061 τόποι.
1088 2003 1157 2060 ἑπτὰ
1176 2007 1297 2076 ἔχοντες

175 2091 310 2166 στιγμάς,
340 2097 386 2148 καὶ
418 2092 538 2164 ἀλόγως,
572 2083 611 2147 ὦν
639 2095 668 2147 ἐκ
694 2099 847 2167 προχείρου
871 2094 924 2164 μὲν
949 2091 1041 2166 εὑρεῖν
1061 2090 1221 2164 τὸνλόγον
1239 2095 1296 2149 οὐκ

174 2180 247 2246 ἔστι,
277 2180 310 2234 τά
334 2181 365 2235 δὲ
383 2184 498 2234 τοιαῦτα
516 2176 654 2241 πολλάκις
680 2180 777 2244 εἶπον,
806 2177 851 2232 ὅτι
877 2176 1068 2250 ὑπολαμβάνω
1087 2180 1117 2232 ἐν
1134 2185 1195 2237 τοῖς
1215 2177 1297 2255 πρώ-

174 2286 235 2328 τοις
261 2265 443 2344 ἀντιγράφοις
467 2270 624 2339 φθαρέντα,
654 2265 769 2337 ὅτιμὲν
793 2271 913 2319 τοσαῦτα
937 2264 972 2334 ἦν
999 2263 1050 2320 τόν
1075 2262 1201 2340 ἀριθμὸν
1217 2285 1296 2337 γνω-

178 2361 301 2423 σθῆναι,
318 2355 351 2408 οὐ
369 2352 427 2426 μὴν
447 2361 508 2408 τίνα
527 2353 598 2419 οοό,,
617 2353 689 2424 quod
704 2353 838 2424 Bergkius
857 2352 1016 2410 emendavit.
