2746 4710
551 231 659 288 Scholia
683 231 712 287 in
729 230 823 286 nubes.
880 199 881 203 λ
1214 233 1248 287 39

137 388 193 460 καὶ
214 390 252 459 τό
275 386 553 478 προοιμιάζεσθαι
574 386 611 456 δὲ
631 378 896 476 ἀμφιανακτίζειν
917 382 1031 473 ἔλεγον.
1057 380 1188 466 εἰκότως
1210 385 1247 454 ἀὲ

135 494 218 582 μετὰ
244 493 300 562 τὸν
313 490 430 560 Ἥλιον
459 489 633 578 άνσμνοὺσι
664 490 721 559 τὸν
738 485 941 558 Ἀπόλλωνα.
979 486 1031 559 ότι
1052 489 1089 560 δὲ
1111 487 1129 560 ό
1149 485 1246 570 αὑτός

135 599 223 668 ἐστιν
238 596 361 678 Ἥλιος
384 596 441 665 καὶ
466 596 654 680 Ἀπόλλων,
690 597 796 685 δῆλον.
833 593 871 662 τὸ
900 594 937 662 δὲ
966 589 1057 679 αάτε,
1095 590 1167 663 ἀντὶ
1189 599 1246 664 τοὺ

133 699 242 771 πάλιν.
279 702 392 792 ὥσπερ
422 701 482 791 γάρ
503 694 739 787 ἀναλαμβάνων
760 699 846 787 πρὸς
872 698 911 769 τὸ
934 696 1000 767 ἀνω
1024 697 1110 787 λέγει
1134 693 1246 767 Ῑάντί-
1275 701 1279 709 ’

134 810 307 898 στροφον.]]
714 872 716 875 .

223 937 410 996 non-626.
456 924 529 1017 ἡνίχ’
552 924 673 1013 ἡμεῖςι
705 926 750 994 Τὸ
772 919 995 1015 ἀντεπίρρημα
1016 928 1112 992 τοῦτο
1135 921 1246 1009 ὅμοιόν

135 1034 205 1101 ἐστι
226 1035 273 1122 τῷ
294 1026 499 1122 ἐπιρρήματι.
524 1032 597 1119 [καὶ
619 1034 712 1100 τοὺτο
734 1030 793 1120 γάρ
824 1030 866 1105 ἐκΙ
883 1028 999 1114 στίχων
1020 1029 1092 1098 ἐστὶ
1115 1033 1245 1119 τροχαῖ-

133 1143 199 1204 κῶν
229 1135 448 1226 τετραμέτρου
484 1138 724 1226 καταληκτικοῖν
754 1133 869 1203 εἴκοσι.
909 1134 1055 1202 ἐνταῦθα
1082 1132 1195 1221 μέντοι
1226 1132 1244 1202 ὅ

133 1239 192 1307 ἐπὶ
222 1247 280 1330 τῆς
306 1239 460 1330 τετάρτης
491 1237 598 1330 χώρας
632 1236 753 1326 ἴαμβος
788 1237 945 1322 ἐξέλιπεν.
988 1237 1047 1307 ε’πὺ
1076 1246 1124 1329 τῷ
1159 1237 1245 1306 τέλει

132 1346 235 1434 διπλῆ
258 1343 319 1426 ἔξω
341 1348 530 1433 νενευκυῖο.]]
717 1412 720 1417 ,

220 1471 281 1531 627
295 1503 330 1512 -
344 1471 415 1530 699.
467 1462 514 1547 μά
540 1460 595 1552 τὴν
623 1455 809 1552 ἀναπνοήνι
843 1458 1154 1551 [[Ὑποχωρὴσαντος
1183 1465 1244 1527 τοῦ

127 1570 226 1655 χοροὺ
257 1563 398 1634 εἰσίασιν
427 1562 526 1646 αὖθις
553 1562 586 1632 σῖ
614 1563 798 1655 ὑποκριταί.
841 1562 928 1633 ἔστιν
958 1559 1013 1633 οὑν
1044 1563 1064 1655 ἡ
1091 1569 1244 1654 παροῦσα

219 1767 235 1819 1
254 1765 439 1838 ἀντίστροφος
449 1765 483 1818 V.
501 1766 650 1834 sequuntur
669 1764 784 1819 aliorum
800 1763 1037 1835 grammaticorum
1055 1763 1244 1820 annotationes

131 1849 216 1905 duae:
255 1851 375 1922 (ἔφαμεν
401 1849 457 1924 γὰρ
482 1851 513 1906 ἓν
536 1857 594 1910 τοῖς
614 1857 742 1924 χορικοῖς
765 1857 899 1920 γίνεσθαι
923 1849 1113 1926 τὺςστροφάς
1131 1851 1245 1911 καὶτὰς
1308 1913 1312 1918 ⁸

130 1933 355 2007 *dvnotpdwons
372 1938 419 1988 καὶ
438 1934 487 1996 τάς
506 1933 643 2006 ἐπῳδούς,
663 1933 681 1987 ά
699 1953 773 1996 τινες
790 1939 924 1992 καλοῦσιν
941 1934 1124 2013 ἐπιρρήματα.
1153 1935 1244 1993 1>κάν·

131 2026 223 2074 ταῦθα
242 2016 292 2074 οὖν
307 2019 358 2087 τὴν
377 2021 566 2095 ἀντίστροφον
584 2018 726 2091 ἐπήγαγεν
745 2019 760 2074 ό
778 2018 907 2088 ποιητής,
928 2021 1023 2096 ὥσπερ
1042 2021 1242 2097 θάναστρέφων

129 2108 179 2161 ἐπὶ
195 2106 227 2161 τὸ
246 2108 275 2169 ἐξ
292 2108 377 2183 ἀρχῆς
394 2110 494 2180 μέλος,
514 2107 639 2181 ὅθενπερ
660 2106 794 2182 ἐξετράπη
815 2112 854 2168 εἰς
869 2107 901 2162 τὸ
919 2094 1067 2184 ἐπίρρημα.
1085 2106 1243 2184 ἀρξάμενος

129 2195 186 2269 γάρ
203 2193 306 2266 ὑμνεῖν
323 2193 387 2253 τοὺς
403 2193 488 2264 θεοὺς
498 2197 546 2247 καὶ
559 2192 793 2270 παραγενόμενος
804 2199 888 2270 μέχρι
900 2193 972 2248 <¹105
988 2193 1100 2260 Ἠλίου,
1118 2192 1243 2267 ἐπήγαγε

128 2279 179 2349 τὴν
198 2277 348 2352 ἔκτροπήν,
367 2285 495 2335 τουτέστι
512 2280 545 2334 τό
566 2281 716 2352 ἐπίρρημα.
744 2279 803 2335 ἀπὸ
824 2287 874 2335 τοτ’
891 2279 936 2347 „03
956 2279 1114 2354 σοφώτατοι
1135 2288 1241 2350 θεαταί,

129 2369 230 2441 θάεὑρο
251 2367 303 2424 τὸν
324 2371 393 2424 νοῦν
410 2371 592 2443 προσέχετε.“
621 2366 683 2422 οὕτε
709 2366 765 2443 γάρ
786 2365 802 2436 ἡ
821 2366 935 2425 διάνοια
952 2375 1012 2430 τοῖς
1030 2375 1243 2444 προειρημένοις

130 2452 284 2515 ἀκόλουθος
299 2452 361 2509 οὔτε
378 2452 411 2507 τὸ
430 2458 536 2529 μέτρον
554 2459 606 2509 τοῦ
624 2453 719 2526 λόγου.
737 2452 825 2511 πάλιν
844 2451 895 2511 οὑν
914 2456 1111 2532 ἒπανατρέχων
1130 2458 1178 2510 ἐπὶ
1193 2456 1242 2514 τὸν

129 2540 233 2612 ὑμνον,
264 2545 296 2614 τῇ
322 2544 377 2596 τῶν
404 2545 479 2595 θεῶν
498 2541 607 2616 ’χρῆται
625 2542 834 2616 ἔπαναστροφῇ.
870 2547 896 2595 εἰ
920 2541 973 2600 οὑν
992 2563 1034 2604 τις
1060 2542 1095 2596 τά
1114 2543 1240 2616 ἐνμέσῳ

129 2625 242 2683 ἅπαντα
258 2624 372 2698 ὑφελὼν
389 2627 437 2680 ἐπὶ
459 2632 545 2681 ταῦτα
561 2627 660 2694 ἔλθοι,
680 2626 765 2683 οὐδὲν
783 2626 820 2684 ἀν
838 2626 902 2682 οὔτε
926 2629 941 2682 ό
961 2629 1043 2700 λόγος
1065 2627 1130 2684 σότε
1148 2630 1162 2683 ὁ
1177 2635 1242 2689 νοῦς

129 2711 334 2782 ἐπιζητήσειεν,
363 2712 433 2766 ἀλλὰ
458 2716 568 2784 μᾶλλον
598 2715 634 2781 ῑὴ
657 2715 811 2768 ἀκολουθία
834 2713 906 2768 οὑτω
932 2713 1111 2786 φυλάττοιτο,
1144 2712 1193 2769 τόν
1212 2717 1239 2768 θ’

128 2806 143 2841 8
151 2796 341 2871 ἱππονώμαν,
371 2797 402 2857 ὃς
427 2797 643 2876 ὑπερλάμπροις
661 2801 767 2866 ἀκτῖσι,
795 2803 842 2853 καὶ
858 2800 892 2853 τὰ
910 2800 982 2867 ἑξῆς,
1010 2801 1090 2873 ἀμφί
1105 2821 1158 2871 μοι
1176 2799 1241 2857 αὖτε

132 2883 236 2953 Φοῖβ’11
254 2883 332 2946 ἀναξ.
352 2887 439 2956 φησὶν
457 2884 522 2950 οὑν,
548 2884 618 2940 ἀλλά
637 2901 690 2940 σου
709 2883 811 2952 πάλιν,
843 2883 1033 2954 muman,
1054 2885 1166 2958 ἕξομαι,
1193 2892 1241 2941 καὶ

129 2977 187 3027 ταῖν
206 2975 265 3027 σῶν
283 2970 414 3030 ἐπαίνων.
450 2972 483 3025 οὐ
499 2970 557 3042 μὴν
576 2972 670 3032 ἀντλῶς
687 2972 735 3025 ἐπὶ
752 2970 804 3039 τὴν
822 2971 1011 3044 ἀντίστροφον
1031 2969 1139 3040 ἐλθών,
1172 2978 1241 3027 θεοῖ

128 3076 204 3116 τινος
220 3052 444 3129 ἐμνημόνευσεν,
463 3057 532 3111 ἀλλά
550 3056 620 3129 μετὰ
638 3056 688 3114 τὸν
702 3056 803 3114 Ἥλιον
820 3057 879 3122 ἑξῆς
895 3055 945 3113 τὸν
958 3055 1119 3114 Ἀπόλλωνά
1144 3073 1241 3131 φησιν,

127 3144 191 3196 ἐπεί
205 3149 280 3215 φασί
296 3161 370 3204 τινες
385 3144 435 3199 τὸν
449 3142 549 3198 Ἥλιον
568 3142 618 3198 τὸν
640 3142 728 3199 αὐτὸν
753 3143 883 3213 εἶναιτῷ
906 3140 1081 3214 Ἀπόλλωνι.)
1120 3139 1190 3229 Πότι
1209 3149 1240 3204 δὲ

126 3235 165 3300 τῷ
186 3227 261 3300 λόγῳ
279 3227 365 3300 τούτῳ
385 3232 432 3282 καὶ
449 3229 464 3282 ό
484 3228 599 3297 ποιητὴς
615 3231 832 3284 κατακολουθῶν
850 3227 923 3300 μετὰ
940 3228 990 3284 τὸν
1010 3228 1109 3290 Ἥλιον
1128 3236 1175 3288 ἐπὶ
1190 3233 1241 3291 τὸν

125 3312 298 3376 ’Λπόλλωνος
315 3316 424 3391 ἔρχεται
442 3314 547 3386 ὕμνον,
580 3314 706 3389 φανερόν
731 3321 810 3369 ποιεῖ
826 3314 922 3381 αὑτός,
953 3320 1056 3388 λέγων,
1088 3321 1166 3394 ἀμφί
1187 3342 1239 3393 μοι

127 3398 194 3456 αὖτε
215 3400 295 3470 Φοῖγλ
316 3401 404 3464 ἀναξ·
429 3403 562 3454 τουτέστι
586 3398 681 3458 πάλιν.
719 3402 846 3474 οὐδαμοῦ
864 3402 919 3478 γάρ
936 3409 987 3457 νῦν
1004 3409 1053 3457 τοῦ
1072 3405 1241 3468 Ἀπόλλωνος

125 3491 275 3561 μέμνηται.
307 3493 337 3540 τί
354 3485 406 3543 οὑν
428 3487 486 3541 ἔδει
504 3493 702 3559 μνημονεῦσαι
727 3487 827 3542 ῑαὺτοῦ
843 3485 925 3553 αὖτε,
945 3493 971 3542 εἰ
989 3489 1028 3560 μὴ
1047 3496 1093 3558 τῆς
1110 3510 1240 3565 προειρη-

125 3579 212 3649 μένης
230 3575 361 3633 ἀιανοίας
376 3577 465 3642 εἴχετο
472 3597 481 3639 ,·
501 3572 532 3627 τὸ
553 3575 584 3629 ἀὲ
599 3579 704 3648 μέτρον
723 3572 832 3645 ἀντῳάὴ
852 3577 899 3628 καὶ
917 3574 1102 3651 ἀντιστροφή.
1132 3578 1190 3631 ἔστι
1209 3580 1240 3634 ὑὲ

125 3661 158 3715 τὸ
177 3665 282 3734 μέτρον
301 3659 382 3726 καὶὴ
401 3656 521 3727 ποσότης
541 3660 626 3729 ὁμοία
644 3665 677 3736 τῇ
696 3665 811 3736 στροφῇ.
837 3658 980 3733 ὡμοίωται
998 3662 1030 3716 ὑὲ
1047 3664 1094 3714 καὶ
1113 3661 1144 3716 τὸ
1163 3663 1241 3739 ἐπίρ-

126 3769 202 3825 ρημα
221 3746 318 3801 καὶτὸ
341 3736 565 3826 ἀντεπίρρημα.]]
671 3763 688 3802 a
710 3745 759 3807 τάς
777 3745 965 3822 άντιστροφάς
989 3750 1037 3800 καὶ
1055 3747 1102 3810 τάς
1120 3747 1239 3819 ἐπῳδάς,

127 3833 257 3901 ἅστινας,
277 3830 348 3903 quod
366 3830 454 3890 Dnbn.
472 3833 596 3890 mutavit.
695 3834 713 3888 b
731 3832 826 3907 ὥσπερ
851 3831 902 3887 οὑν
918 3832 1061 3887 κάνταῦθα
1080 3833 1111 3888 τὸ
1128 3836 1188 3895 ἀντ.
1206 3837 1238 3892 V.

127 3921 235 3995 τάπερ
257 3937 307 3977 om.
325 3920 379 3986 V.,.
402 3919 449 3990 qui
466 3924 513 3974 καὶ
530 3922 579 3975 ἐπὶ
665 3919 751 3975 άτσῖ
774 3918 839 3974 ὅλου
857 3918 918 3974 Ald.
1004 3924 1085 3975 οκαὶ
1105 3922 1188 3992 ἀεῦρο
1206 3916 1239 3980 V.

126 4008 141 4062 f
155 4009 172 4075 η
191 4010 218 4062 οὑ
236 4007 306 4062 οὑτω
323 4022 374 4061 om.
392 4007 426 4061 V.
504 4006 709 4082 glnuovdptav
729 4005 793 4060 ὅσθ’
813 4004 845 4060 V.
927 4004 1055 4074 λιΦσῖβε
1072 4005 1104 4062 V.
1140 4011 1239 4069 omisso

127 4093 201 4157 άναξ
280 4093 396 4148 ἱαύτοῦ
414 4092 569 4160 mentius,
591 4101 640 4149 τοῦ
659 4092 721 4147 Α1ι1.
791 4089 918 4145 Aldina
938 4090 1095 4150 adversum
1113 4096 1179 4154 596:
1207 4097 1238 4152 τὸ

127 4180 160 4236 ἀὲ
183 4179 335 4256 ὑψικέρατα
358 4183 464 4256 πέτραν
488 4179 599 4252 ἐπῳδός
623 4182 690 4236 ἔστι.
725 4176 756 4232 τὸ
782 4175 850 4231 αὐτὸ
870 4179 902 4233 ἀὲ
919 4182 1022 4253 μέτρον
1046 4187 1085 4252 τῷ
1107 4187 1185 4257 μέλει
1201 4190 1239 4257 τῷ

97 4332 98 4335 ¹
127 4264 244 4344 πρώτῳ,
270 4270 318 4326 καὶ
337 4267 397 4338 ἑξῆς
412 4263 490 4325 οὑτω.
519 4267 578 4326 ἔστι
597 4268 629 4323 ὑὲ
646 4261 822 4342 παραγώγως
841 4264 904 4322 ἀντὶ
921 4269 971 4320 τοὺ
989 4264 1066 4338 ὑιγικ.
