2746 4710
126 265 160 322 76
354 275 356 279 ’
562 243 668 325 Scholia
684 271 714 324 in
732 286 803 326 aves.

215 433 411 493 400—406.
459 418 576 513 [[όίναι’
605 424 640 506 ἐς
668 422 783 508 τάξινε
805 423 966 507 Είσθεσις
991 427 1108 512 μέλους
1128 433 1238 512 χοροῦ,

127 527 273 618 δπριδικῆ
293 528 357 612 μὲν
373 529 429 597 διὰ
452 528 490 598 τδ
515 525 597 614 ιιετδι
620 530 678 621 τῆν
701 532 821 621 διπλῆν
847 520 1026 615 τίθεσθαι,
1065 522 1237 620 προιμδικῆ

126 630 164 699 δὲ
183 633 240 698 διὰ
261 633 300 699 τὸ
320 630 550 719 προτίθεσθαι
576 629 688 722 ἑτέρας
709 633 881 721 περιόδου,
909 631 1019 702 κώλων
1039 627 1238 701 ἀναπαιστι-

126 740 190 816 κῶν
211 735 256 818 ς’.
278 729 321 803 ὧν
343 738 384 803 τδ
403 736 462 822 μὲν
481 735 625 826 τέσσαρα
647 735 781 827 δίμοιρα
805 731 1016 827 ἇκατόλῆκτα.
1041 737 1080 806 τὸ
1104 736 1135 804 ε’
1158 731 1239 804 σίνα-

21 927 24 932 .
67 929 70 936 Ι
127 841 285 930 παιστικῆ
308 841 414 925 βάσις.
436 841 476 907 τδ
499 839 592 909 ἕκτον
611 837 840 931 ἓφθῆμιμερὲς.
864 841 897 908 ἐν
918 839 1051 910 ἐκθέσει
1073 841 1110 909 δὲ
1134 843 1238 908 κῶλον

126 941 359 1030 ἶαμβικὸνδίι
346 969 462 1032 μετρον
499 937 771 1034 ἆκατοίλῆκτονο
755 944 772 969 ‘'
753 971 868 1030 οιιοιον
901 952 971 1026 τοῖς
1008 943 1090 1036 ἑξῆς.
1134 940 1239 1035 όφό
1223 939 1240 968 ⁰

127 1047 290 1137 κορωνίςῆ]

215 1162 331 1222 407-
340 1162 414 1221 433.
460 1155 596 1240 ῆκαλεῖς
626 1153 663 1220 δὲ
689 1162 746 1222 τοῦ
776 1150 880 1222 κλίειν
907 1154 1047 1225 θέλωνε
1079 1153 1242 1236 Εἴσθεσις

128 1252 282 1347 περιόδου
303 1254 480 1343 σἰιιοιβαίας
499 1258 610 1325 κώλων
633 1256 727 1341 κζ’
714 1284 749 1326 ια
749 1265 873 1344 μβικιν
897 1260 1089 1347 διμέτρωνι
1090 1259 1135 1328 ιὲν
1157 1261 1241 1350 πλῆν

85 1402 86 1405 =
126 1367 184 1428 τοῦ
217 1357 386 1429 ἑνδεκάτου
417 1362 473 1429 καὶ
507 1358 561 1429 κδ
590 1361 769 1484 τριμέτρων
802 1360 916 1447 όντων,
952 1356 1183 1454 ἆκοιταλῆκτων
1207 1363 1242 1431 δὲ

128 1464 212 1556 πλὴν
234 1472 291 1533 τοῦ
302 1465 512 1598 τελευταίου·
548 1491 643 1534 τουτο
674 1468 746 1554 γὰρ
766 1462 996 1592 ἑφθῆμιιιερές.
1041 1467 1091 1537 ότι
1121 1492 1192 1555 νει
1178 1469 1241 1558 μῆν

126 1566 255 1653 τῶνδ’,
291 1566 332 1652 ε,
367 1594 409 1653 ς,
445 1571 486 1653 ζ’,
519 1567 551 1699 ιι
574 1563 838 1638 αντισπαστικῶν
870 1571 946 1657 διι’
903 1597 1028 1660 μετρων
1063 1568 1241 1698 διιάιιβοις,

127 1672 308 1761 ε’πιτρίτοις
330 1675 401 1760 ἕπιι
402 1701 428 1742 ιε
388 1675 589 1762 ιμιιμένων
611 1674 666 1743 καὶ
692 1673 881 1755 σπονδείοις
902 1676 988 1765 πλῆν
1007 1675 1143 1760 τουζ”
1125 1701 1240 1744 ακατα

127 1773 264 1866 λῆκτων·
296 1786 394 1847 τοῦτο
413 1779 472 1867 ιιδιρ
492 1777 734 1868 φερεκρότειον·
774 1777 823 1847 ἔτι
846 1785 911 1847 τῶν
934 1777 979 1862 κ’,
1001 1778 1069 1863 κα’,
1092 1777 1162 1867 νβ’,
1186 1778 1239 1866 κγ’

89 1929 92 1934 -
127 1890 313 1950 παιωνικῶν
335 1880 577 1973 ἑφθῆμιιιερῶν.
622 1884 663 1950 τὰ
695 1883 731 1951 δὲ
753 1890 885 1952 τοιαῦτα
911 1887 1008 1974 δῆλον
1037 1883 1083 1965 ὡς
1103 1880 1240 1973 οίσυνυίρ-

127 2010 216 2076 τητα.
252 1986 311 2054 ἐπὶ
341 1994 387 2076 τῷ
408 1989 494 2056 τέλει
517 1984 771 2114 παρόιραιινρςῆ]

202 2100 327 2160 434-
338 2101 412 2160 450.
457 2089 514 2179 ι’ίγε
536 2093 588 2181 δῆ
597 2091 636 2158 σδ
660 2091 716 2159 καί
745 2095 816 2159 σός
856 2068 1041 2192 [Είσθεσις
1069 2087 1143 2159 δ’
1129 2093 1240 2181 ετόρας

128 2190 309 2321 περιόδου
311 2196 428 2280 στίχων
459 2195 619 2283 ἶαιιβικῶν
645 2195 822 2284 τριμέτρων
850 2193 1078 2287 ακαταλῆκτων
1099 2192 1154 2280 ιζ’.
1199 2225 1239 2286 ων

129 2298 189 2367 επὶ
209 2306 256 2389 τῷ
276 2301 362 2368 τέλει
385 2297 629 2389 παράγραφοςῆ]

218 2431 335 2489 451-
343 2431 417 2490 522.
463 2423 622 2549 ῆδσλερδν
644 2421 702 2506 μὲν
724 2417 798 2490 dei:
828 2419 989 2501 Είσθεσις
1009 2421 1127 2549 μέλους
1147 2447 1240 2510 χορσυ

132 2524 226 2611 λόγον
248 2532 391 2616 στροφῆς
412 2523 536 2653 ἒιιοισα.
569 2524 633 2609 ἔχει
656 2525 715 2614 γὰρ
738 2525 793 2593 καὶ
814 2518 1027 2621 ἀντίστροφον
1040 2526 1106 2614 τῆν
1127 2579 1146 2608 ,,
1158 2526 1240 2593 πολὺ

45 2632 48 2642 ’
131 2629 170 2720 δῆ
200 2630 285 2697 πολὺ
309 2629 380 2720 δῆ.“
423 2628 494 2698 ἔστι
522 2629 633 2697 δὲκαὶ
664 2629 808 2718 ἐπῳδικῆ
837 2630 895 2714 μὲν
925 2630 980 2696 διὰ
1010 2628 1048 2696 τδ
1080 2629 1163 2714 μετὰ
1188 2629 1241 2718 τῆν

131 2732 286 2822 περίοδον
307 2733 488 2803 τίθεσθαι·
509 2734 677 2825 προιιδικῆ
699 2734 735 2801 δὲ
754 2733 809 2801 διὰ
832 2733 869 2801 τὸ
884 2731 1115 2823 προτίθεσθαι
1130 2730 1241 2823 ἑτέρας

130 2842 262 2929 διπλῆς,
293 2836 403 2907 κώλων
431 2839 487 2907 καὶ
521 2830 638 2922 στίχων
662 2833 712 2906 θ’.
756 2831 799 2904 ὧν
823 2836 841 2905 5
866 2845 997 2926 πρῶτος
1025 2834 1241 2927 ἄσυνόρτῆτσς

135 2943 194 3026 Ῑέξ
211 2937 447 3012 ἆναπαιστικοῆ
468 2944 619 3033 διιιότρσυ
651 2940 966 3038 βραχυκαταλῆκτου,
1001 2942 1073 3010 καὶ·
1088 2940 1252 3032 ἰαμβικῆς·

22 3106 25 3110 .
129 3048 257 3132 βάσεως
278 3049 333 3116 διὰ
354 3049 410 3138 τῆν
429 3042 615 3139 ἀδιάφορον,
638 3044 816 3174 ὁδείπερος
838 3040 1054 3137 ἄσυνόρτνιτος
1074 3045 1111 3128 ἐξ
1130 3044 1243 3132 ἰαμβι-

131 3177 189 3219 κου
211 3150 361 3241 διμέτρου
382 3149 684 3241 βραχυκαταλῆκτου
713 3151 768 3218 καὶ
789 3149 1028 3240 ἀναπαιστικῆς
1049 3143 1188 3235 δόσεως.
1225 3146 1241 3218 5

62 3279 64 3285 ·
132 3253 240 3356 τρίτος
272 3249 510 3335 όναπαιστικδς
540 3262 663 3346 πενθῆι
664 3283 686 3324 ιι
687 3256 793 3344 μερής.
838 3254 855 3323 5
884 3256 919 3323 5
951 3247 1170 3382 ἆσυνιίρτῆτσς
1207 3253 1264 3322 ἐκ·

132 3365 302 3488 τροχαϊιιοῦ
328 3363 505 3482 2πειιθῆιι
468 3387 489 3426 ιι
454 3366 606 3488 ιμεροῆς
628 3359 685 3428 καὶ
707 3353 945 3433 αναπαιστικοῦ
964 3356 1086 3444 ὁμοίου.
1115 3355 1138 3426 5
1158 3357 1244 3444 πέμ-

131 3492 217 3546 πτος
238 3464 352 3552 ὅμοιος
371 3459 479 3553 τῆν.
514 3463 532 3533 5
554 3461 588 3544 ς’
611 3461 849 3544 ἀναπαιστικδς
869 3460 1019 3554 δίμετρος
1039 3463 1240 3552 βραχυκατό

119 3568 292 3661 maog&
313 3565 349 3651 ζ”
363 3562 580 3659 ἇσυνυίρτητυς
604 3569 661 3651 θὲξ
681 3565 920 3658 όιναπαιστικῆς
940 3567 1069 3653 βάσεως
1090 3566 1145 3633 καὶ

220 3786 622 3858 1“ἀναπαιστικῶνδιαέτρων
640 3782 905 3858 βραχυκαταλήκτων
995 3785 1013 3838 2
1030 3773 1244 3856 πενθημιιιερῆς

32 3885 37 3894 “
132 3877 149 3930 3
179 3876 247 3930 Post
276 3879 323 3929 καὶ
351 3874 468 3930 indicavi
501 3874 640 3938 lacunam,
677 3888 741 3927 nam
771 3872 938 3927 d5sideratur
970 3887 1064 3926 versus
1097 3871 1189 3926 octavi
1216 3873 1244 3925 et

132 3963 197 4017 noni
215 3963 365 4031 explicatio.
402 3964 516 4042 apparet
534 3964 625 4015 autem
645 3959 726 4015 verba
745 3960 807 4021 ἐξ
792 3963 993 4025 αναπιιιστικῆς
1009 3955 1117 4026 βάσεως
1133 3957 1171 4012 ad
1188 3956 1243 4026 pri·

32 4051 34 4053 ’
87 4063 91 4070 ’
133 4065 205 4102 mam
228 4051 334 4116 partem
351 4064 443 4102 versus
462 4049 586 4117 septimi,
605 4050 633 4102 et
650 4047 732 4101 verba
757 4049 804 4099 καὶ
826 4050 975 4116 τροχαικοῦ
999 4045 1190 4114 ῐθιιφαλλικοῦ
1210 4044 1244 4099 ad

79 4167 84 4175 ι
133 4137 248 4190 alteram
271 4137 376 4208 partem
402 4152 496 4190 versus
522 4135 586 4190 noni
616 4133 757 4189 referenda
786 4147 852 4187 esse.
887 4132 916 4184 in
943 4133 1002 4185 toto
1027 4133 1119 4185 autem
1143 4129 1244 4184 scholio

132 4239 215 4292 prope
236 4222 354 4292 genuina
369 4221 451 4276 verba
467 4222 606 4277 Heliodori
627 4222 805 4284 tradu'nssurs
814 4235 877 4274 nam
907 4235 968 4272 cum
992 4218 1022 4272 in
1043 4217 1140 4272 ceteris
1164 4217 1244 4272 huius

132 4311 240 4366 fabulae
258 4308 367 4364 scholiis
385 4309 473 4363 exstet
492 4310 627 4382 δίμοιρον
644 4310 672 4362 et
689 4299 915 4380 πενθημιμερές,
932 4304 977 4360 hie
991 4303 1092 4374 legitqr
1113 4304 1243 4378 δίμετρος
