2746 4710
155 207 191 262 42
578 207 685 264 Scholia
709 207 737 263 in
755 207 848 265 nubes.

154 361 309 451 ἰαμβικὸν
338 361 489 455 δίμιτρον
517 360 748 455 ἀκατοίληκτον.
787 364 825 433 τδ
856 365 994 452 ἕβδομον
1026 363 1064 433 ἐκ
1091 364 1285 456 χοριοίμβου

154 467 211 535 καί
249 467 404 555 διιόμβου
440 467 600 557 δίμετρον.
646 469 685 538 τὸ
717 466 832 556 όχδοον
857 468 1070 559 χοριαμβικδν
1099 466 1283 563 τρίμετρον

154 567 381 663 ἀκατάληκτον.
404 573 441 643 τό
465 570 576 642 ἔνατον
597 570 711 659 όμοιον
728 580 775 663 τῷ
797 573 895 665 ἕκτῳ,
919 570 1050 664 ἐχούσης
1068 569 1283 645 ἀνάπαιστον

153 680 211 766 τῆς
232 670 396 770 ἀρχούσης.
417 677 456 747 τὸ
475 677 611 747 δέκατον
629 678 842 768 χοριαμβικὸν
856 676 1005 769 δίμετρον
1019 676 1280 770 καταληκτικόν·

154 777 212 852 εἴτ’
231 777 286 853 ούν
306 781 343 852 ἐκ
364 778 543 872 χοριύμβου
563 782 619 850 καί
640 781 823 872 βακχείου.]]

244 915 440 975 814-888.
486 902 601 994 βούτοι
631 905 678 990 μὰ
708 906 765 995 τὴν
792 902 965 995 Ὁμίχληνε
995 905 1149 994 Κορωνὶς
1179 903 1279 996 ἑτέρα

153 1008 270 1098 όμοία,
294 1007 326 1078 οὶ
348 1010 384 1078 δέ
406 1008 512 1095 στίχοι
534 1007 680 1097 ίαμβικοί
701 1007 866 1100 τρίμετροι
882 1002 1096 1100 ἀκατάληκτοι
1123 1010 1208 1080 1οεῖ
1233 1005 1279 1080 ὧν

154 1117 338 1195 τελευταῖος

295 1238 367 1309 πρὸς
385 1235 477 1295 πάντα
495 1237 528 1291 τὰ
548 1239 632 1291 δίκαι’
652 1238 811 1307 ἀντιλέγειν
830 1235 985 1304 δυνήσεται,

155 1335 214 1408 ίπί
237 1345 284 1432 τῷ
304 1339 391 1408 τέλει
413 1338 564 1431 κορωνίς,
597 1338 652 1407 καί
674 1334 747 1429 ἑξῆς
767 1338 805 1408 τὸ
823 1346 933 1428 χοροῦ·
967 1335 1084 1429 ὤφειλε
1106 1337 1174 1427 χάρ
1199 1329 1277 1406 κάν-

154 1448 265 1512 ταῦθα
287 1449 399 1512 θεῖναι
415 1441 527 1534 χορόν,
550 1440 643 1532 ἀχρις
663 1440 705 1510 ἀν
725 1439 757 1510 οἱ
777 1442 867 1530 λόγοι
888 1441 1076 1531 ἐξέλθωσι.]]

243 1576 439 1636 889-933.
484 1562 598 1654 [χαίρει
622 1562 726 1654 δευρίε
741 1561 902 1644 Εἴσθεσις
923 1567 1043 1655 διπλῆς
1064 1561 1148 1631 κατὰ
1164 1570 1276 1655 σχῆμα

156 1672 324 1739 δικανικὸν
347 1669 383 1738 ἐκ
406 1665 516 1738 κιόλων
537 1663 782 1737 ἀναπαιστικῶν
802 1667 863 1754 με’.
886 1661 929 1737 ὧν
951 1669 989 1738 τὸ
1009 1663 1074 1758 κη’,
1089 1669 1129 1736 τὸ
1145 1664 1202 1736 λε’
1219 1666 1275 1736 καί

153 1774 192 1843 τὸ
214 1774 276 1841 λό’
297 1773 481 1861 μονόμετρα
507 1771 720 1865 ἀκατάληκτα.
752 1772 793 1841 τὰ
816 1773 852 1841 δὲ
874 1774 976 1842 λοιπὰ
999 1768 1116 1840 πάντα·
1133 1766 1276 1862 δίμετρα

154 1874 373 1969 ἀκατάληκτα,
395 1884 459 1947 τῶν
480 1875 537 1948 δύο
560 1878 749 1968 προσώπων
771 1876 815 1958 ὡς
837 1878 1092 1947 έπιτοπλεῖστον
1116 1876 1276 1970 δίμετρον

154 1988 258 2053 κῶλον
276 1981 534 2068 ἀποτελούντων,
561 1977 605 2051 ὦν
624 1984 662 2051 τὸ
684 1986 865 2051 τελευταῖον

295 2106 420 2162 κλαύσει·
440 2106 490 2175 τὴν
504 2107 574 2178 χεῖρ’
595 2104 761 2174 ἔπιβοίλλεις,

154 2207 384 2301 ἓφθημιμερές.
422 2206 528 2275 ἰστέον
550 2208 586 2276 δέ
614 2206 665 2275 ότι
686 2208 725 2275 τό
748 2203 802 2297 κη’
824 2209 926 2274 κῶλον
952 2204 1171 2294 τετρύβραχυν
1197 2205 1273 2294 ἔχει,

154 2310 225 2403 λύιοι
256 2312 570 2402 προκελευσματικὸν
599 2311 655 2380 τόν
685 2317 815 2399 πρόνοον
847 2306 936 2377 πόδα
960 2301 1030 2376 ἀντὶ
1051 2301 1291 2409 ἀναπαίστου.Ι

155 2415 318 2483 διαλύεται
350 2415 409 2502 γὰρ
440 2413 458 2504 ἡ
481 2415 590 2502 μακρὰ
618 2421 677 2481 τοῦ
704 2412 908 2482 ἀναπαίστου
936 2412 984 2493 εἰς
1012 2407 1068 2481 δύο
1094 2413 1274 2503 βραχείας·

155 2516 199 2598 ὡς
219 2518 275 2585 καὶ
296 2524 354 2586 τοῦ
377 2516 493 2604 ἰάμβου
512 2517 567 2586 καί
589 2526 645 2586 τοῦ
668 2518 818 2607 τροχαίου
844 2518 900 2586 καί
920 2524 984 2584 τεόν
1006 2519 1133 2584 λοιπῶν
1155 2544 1275 2610 τετρα-

155 2619 323 2708 συλλύβων
346 2624 469 2713 ποδῶν.
500 2621 558 2690 ε’πί
580 2628 629 2712 τῷ
651 2623 736 2691 τέλει
758 2626 860 2712 διπλῆ
883 2620 944 2704 ἔξω
964 2626 1147 2709 νενευκυῖα]

244 2752 440 2813 934-948.
488 2742 694 2832 [[παύσασθε
722 2744 847 2834 μάχηςι
873 2742 1032 2822 ’Έκθεσις
1063 2747 1122 2833 τῆς
1149 2745 1276 2837 διπλῆς

156 2849 391 2939 συστηματική,
409 2847 468 2932 ,εἰς
489 2844 547 2916 δύο
570 2845 743 2938 περιόδους
764 2846 935 2939 διῃρημένη
957 2847 993 2914 ἐκ
1012 2842 1124 2915 κιόλων
1146 2845 1276 2934 ὁμοίων

155 2950 400 3022 ἀναπαιστικῶν
430 2949 492 3020 ιε’·
530 2945 574 3019 ὦν
599 2957 656 3043 τῆς
686 2951 817 3040 πρώτης
846 2948 1002 3040 περιόδου
1022 2952 1110 3018 κῶλα
1132 2951 1276 3045 δίμετρα

154 3052 359 3146 ἀκατάληκτα
379 3053 420 3123 ε’.
465 3055 521 3123 καί
557 3056 611 3123 2έν
633 3057 765 3124 ἐκθέσει
792 3055 886 3143 έτερα
915 3051 972 3123 δύο
1003 3053 1101 3141 δ’μσια
1130 3055 1276 3151 δίμετρα

155 3158 368 3249 ἀκατοίλρκτα.
406 3167 465 3251 τῆς
497 3160 533 3228 δὲ
555 3161 705 3248 δειπέρας
736 3155 891 3247 περιόδου
912 3161 1000 3227 κῶλα
1023 3157 1126 3227 όκτιό·
1164 3153 1216 3230 τόν
1237 3164 1276 3234 τδ

155 3271 288 3355 πρῶτον
307 3259 502 3354 μονόμετρον
522 3261 743 3353 ἀκατάληκτον.
770 3264 811 3330 τά
835 3260 907 3353 ἑξῆς
927 3259 966 3346 ἓξ
985 3262 1119 3352 δίμετρα
1141 3257 1276 3336 ἀκατοί-

155 3371 268 3460 ληκτα·
291 3367 330 3436 τὸ
351 3367 387 3435 δέ
408 3371 588 3435 τελευταῖον
610 3365 847 3458 έφβημιμερές,
877 3362 895 3435 ὃ
917 3371 1064 3435 καλεῖται
1086 3391 1275 3457 παροιμια-

155 3470 219 3542 κόν.
241 3473 299 3541 ἐπὶ
321 3479 368 3562 τῷ
389 3472 474 3539 τέλει
495 3477 554 3538 τοῦ
576 3467 706 3561 πρώτου
729 3468 933 3562 συστήματος
955 3467 1187 3562 παρόγραφος·
1213 3475 1277 3545 ε’πὶ

155 3579 191 3646 δέ
217 3584 264 3669 τῷ
294 3577 380 3646 τέλει
406 3581 464 3645 τοῦ
493 3577 641 3665 δευτέρου
672 3575 728 3644 δύο
757 3578 889 3658 διπλαῖ,
926 3574 945 3666 ἡ
972 3576 1031 3661 μὲν
1053 3573 1088 3644 ἐν
1107 3568 1191 3667 ἀρχῇ
1215 3585 1277 3650 τοῦ

155 3682 273 3765 κοίλου,
296 3681 315 3773 ἦ
337 3682 375 3752 δέ
396 3682 480 3748 κατὰ
501 3681 539 3749 τὸ
564 3681 685 3769 τέλος.]]

244 3813 440 3873 949-960.
494 3805 573 3891 [[νῢν
614 3800 753 3883 δείξετον
779 3827 787 3870 :
822 3797 985 3881 Είσθεσις
1020 3802 1136 3886 μέλους
1171 3811 1276 3895 χοροῦ

156 3907 339 3996 προῳδική,
378 3915 522 3997 στροφῆς
550 3903 645 3994 λόγον
677 3904 804 3988 ἔχουσα.
845 3903 910 3987 ἔχει
938 3906 999 3995 χάρ
1019 3905 1076 3973 καί
1096 3905 1274 4000 ἀντιστρο-

155 4036 220 4101 φηυ
242 4036 280 4078 το

243 4243 258 4300 1
280 4239 322 4305 οζ’
343 4239 399 4296 cod.
418 4240 484 4315 Reg.
504 4241 603 4329 2821.Ι
670 4239 688 4295 2
707 4239 817 4295 ἐκθέσει
834 4239 1018 4307 Hermannus,
1045 4244 1169 4297 εἰσύέσει
1187 4242 1253 4303 ΑΙδ.
