2746 4710
506 265 511 274 '
548 257 656 315 Scholia
671 257 700 314 in
718 273 806 315 ranas.
1201 261 1237 316 63

217 424 331 484 251-
340 424 412 484 256.
460 414 570 503 [τουτὶ
592 441 662 503 παρ
692 413 804 500 όμιῦνε
829 411 877 480 H
895 406 1056 500 ἅμοιβαια
1062 412 1160 543 ου’τη
1183 413 1237 485 έκ-

126 524 226 600 θεσις
253 525 319 587 τῶν
346 523 450 606 μελῶν
477 519 565 609 τρισὶ
593 521 768 607 διαιρεῖται
796 512 980 648 περιόδοις·
1015 544 1071 585 και
1096 517 1161 587 εἶσὶ
1181 526 1240 613 τῆς

126 623 188 709 μέν
213 621 348 715 πρώτης
368 620 523 713 περιόδου
546 625 636 690 κῶλα
658 615 820 691 πέντε·
793 649 837 690 ων
856 622 894 691 τό
916 621 975 707 μέν
996 629 1128 710 πρῶτον
1148 622 1239 710 δι’με-

127 754 205 831 τρον
227 720 448 817 ἇκατάληκτον
471 728 619 816 καθαρὸν
641 723 805 813 ἶαμβικόν.
840 727 878 793 τὸ
901 724 1048 814 δεύτερον
1068 729 1238 816 τροχαίκδν

127 825 327 921 demost
307 858 431 919 ομοιον.
474 832 513 899 τὸ
534 829 643 920 τρίτον
661 831 777 918 όμοιον
801 838 859 898 τοῦ
890 831 1038 921 δευτέρου
1067 830 1238 921 τρίβραχιν

126 936 256 1021 ἔχοντες
286 934 308 1026 ἢ
335 942 471 1027 χορεῖον.
513 936 552 1003 τδ
586 936 741 1026 τέταρτον
780 933 893 1021 ὅμοιον
926 932 1155 1027 ἑφθημιμερές.
1198 939 1237 1005 τδ

125 1039 309 1108 τελευταῖον
328 1043 452 1130 moa]
483 1093 486 1097 A

144 1191 148 1198 ·
216 1153 413 1215 257—262.
459 1138 634 1231 [[οἶμώζετ’,
654 1141 691 1212 οὗ
709 1143 769 1232 γάρ
791 1168 850 1229 μοι
870 1142 982 1228 μέλειτ
1008 1150 1075 1235 Τῆς
1089 1145 1240 1235 δευτέρας

125 1244 284 1338 περιόδου
312 1248 353 1315 τὰ
383 1250 472 1316 κῶλα
506 1245 628 1334 ὁμοίως
661 1248 760 1316 πέντε
791 1253 863 1327 τοῖς
891 1244 960 1315 ι’ένω
992 1246 1070 1316 καθ’
1100 1249 1238 1325 ἕκαστον

126 1349 250 1439 ὁμοίως
278 1349 408 1436 ἔχοντα,
444 1349 463 1420 6
491 1351 603 1437 μέντοι
636 1358 769 1441 πρῶτος
802 1358 860 1419 τοῦ
885 1349 996 1440 τρίτων
1025 1353 1129 1422 κώλου
1156 1355 1240 1435 ποδς

126 1451 299 1547 τριβραχός
322 1455 422 1545 gem]
518 1475 523 1487 ·

217 1569 415 1628 263-268.
461 1557 528 1647 [[οό
558 1559 734 1687 νικησετεε
774 1565 842 1650 Τῆς
877 1557 988 1650 τρίτης
1013 1560 1170 1686 περιόδου
1197 1561 1240 1628 τὰ
1330 1594 1334 1603 ·

126 1657 256 1733 κῶλα
238 1660 337 1733 οκτώ·
373 1657 419 1731 ὧν
437 1664 479 1730 τὰ
497 1663 558 1750 μέν
580 1662 678 1731 πέντε
704 1662 803 1748 όμοια
824 1659 956 1745 πάντως
974 1669 1044 1745 τοῖς
1066 1661 1131 1732 όνω
1153 1664 1240 1755 πλὴν

127 1793 186 1837 του
214 1763 368 1894 τετάρτου
396 1769 451 1834 τὸν
478 1764 625 1857 δεύτερον
651 1762 743 1835 πόδα
769 1765 987 1857 τρίβραχυν”
964 1793 1099 1852 εχοντος.
1143 1773 1182 1836 τὸ
1204 1767 1241 1835 δέ

130 1869 224 1939 ἕκτον
253 1871 310 1939 καὶ
340 1868 456 1958 όγδοον
489 1860 634 1958 ιαμβικδ
661 1868 727 1958 τρίι
728 1896 818 1959 ιιτρα
855 1864 1067 1961 ἆκατόληκτα.
1111 1871 1149 1939 τὸ
1178 1873 1241 1961 γὰρ

131 1972 269 2061 ἕβδομον
292 1973 444 2064 δῆλον.ἲ
427 1975 486 2043 επὶ
508 1982 556 2063 τῷ
577 1973 663 2042 τέλει
684 1971 846 2062 κορωνις.]]

218 2086 417 2147 269-315.
452 2071 504 2166 [ὦ
519 2083 614 2160 παῦε,
637 2083 746 2145 παῦει
769 2077 921 2165 Κορωνὶς
942 2071 1152 2165 δμοιβαία
1123 2074 1242 2146 ειοιόν-

127 2206 194 2249 των
215 2188 281 2249 τῶν
302 2179 497 2311 ὑποκριτῶν.
516 2207 549 2250 οι
571 2180 608 2250 δέ
630 2179 735 2265 στίχοι
765 2178 800 2249 ἷα
799 2181 914 2269 μβικοὶ
936 2179 1099 2272 τρίμετροι
1120 2175 1243 2249 ἀκατά-

128 2287 280 2376 ληιιτοι1
287 2286 358 2372 μς’.
381 2279 424 2354 ὧν
442 2288 625 2366 τελευταῖος

342 2407 399 2463 αλλ’
419 2409 515 2484 ἠρεμεὶ
533 2405 687 2476 πτήξαντες
705 2381 922 2484 ακροασιόμεβα.

128 2507 213 2594 μετὰ
230 2507 326 2577 δέ
290 2534 347 2578 τον
366 2504 428 2596 μβ’
451 2512 554 2577 κῶλον
576 2507 729 2595 ἰαμβικὸν
752 2505 974 2599 έφθημιμερές
997 2506 1035 2577 τό
1056 2503 1174 2594 ,,αόλιῖ
1192 2535 1244 2591 τις

129 2608 267 2681 ένδον·“
292 2604 406 2681 δκατδ
428 2612 681 2703 παρεπιγραφήν
703 2635 787 2702 φασι
808 2618 960 2681 κεῖσθαι·
983 2609 1027 2695 ὡς
1041 2615 1096 2682 καὶ
1111 2611 1184 2705 ἑξῆς
1203 2617 1241 2683 τδ

131 2769 153 2801 ,,
161 2715 308 2784 διαύλιον
328 2719 537 2806 προσαυλεῖ.“
565 2714 626 2784 ἐπὶ
647 2722 694 2805 τῷ
714 2715 800 2784 τέλει
822 2714 985 2806 κορωνές.]]

144 2844 148 2852 ·
221 2830 417 2890 316-323.
464 2818 577 2903 ’Ίακχε
605 2813 757 2904 δ”Ιακχε
780 2844 800 2888 ιν
820 2818 888 2906 (Ἡ
904 2815 1053 2907 πάροδος
1079 2827 1137 2910 τῆς
1158 2813 1244 2910 ηλδῆς

129 3054 217 3119 τρων
242 3027 559 3118 βραχυκαταλήκτων.
595 3023 670 3116 ἑξῆς
692 3027 729 3095 δέ
751 3021 874 3108 τούτων
902 3022 1048 3116 σύστημα
1070 3021 1245 3114 οἷμοιβαῖον

131 3130 171 3200 ἐκ
192 3127 319 3218 ἰάμβων
340 3131 519 3222 τριμέτρων
542 3126 772 3221 ἇκαταληκτων
794 3130 917 3218 πέντε.)

221 3243 419 3306 324-353.
465 3229 586 3323 Flaui
609 3228 636 3301 ὦ
657 3235 910 3326 πολυτιμήτοιςί
936 3231 1025 3326 Ὠιδὴ
1048 3233 1105 3303 καὶ
1120 3235 1244 3327 στροφὴ

130 3335 243 3408 κώλων
266 3335 332 3408 ιδ’·
370 3332 414 3406 ὧν
443 3339 635 3427 τὸπρῶτον
663 3330 919 3408 οἷντισποιστιιιόν
947 3336 1097 3428 δίμετρον
1119 3335 1245 3407 ἀκατά-

130 3445 263 3533 ληκτον·
291 3435 482 3512 διολεῖται
503 3437 705 3510 Γλυκιόνειον.
734 3442 771 3511 τό
801 3439 943 3530 δεέπερον
972 3440 1122 3532 δίμετρον
1144 3467 1245 3510 κατα·

130 3548 300 3638 ληκηικόν,
332 3545 353 3637 ἤ
375 3543 655 3629 ἐξᾶντισπᾶστου
677 3545 733 3615 καὶ
752 3545 913 3632 βακχείου.
944 3545 982 3614 τὸ
1003 3542 1111 3633 τρίτον
1132 3542 1245 3629 ὅμοιον

130 3647 339 3741 δπστερῳοῢν
366 3653 431 3718 τῶν
460 3649 494 3718 ἒν
516 3654 556 3739 τῇ
577 3644 721 3739 παρόδῳ.
757 3649 796 3717 τὸ
821 3649 974 3738 τέταρτον
1001 3647 1039 3714 ἐκ
1062 3644 1247 3735 διτροχαίου

131 3748 393 3822 ἅντισπαστικοῦ
413 3753 469 3821 καὶ
497 3750 665 3841 βακχείου,
691 3748 881 3836 Ἀλκαῖκόν,
913 3748 1010 3840 φασί,
1040 3745 1246 3836 καλούμενον.

131 3855 172 3924 τὸ
192 3855 348 3942 πέμπτον
367 3849 505 3926 Ἰωνικὸν
526 3853 676 3947 δίμετρον
696 3849 917 3947 ἆκατόληκτον
931 3848 1156 3938 οῗνακλώμενον
1170 3849 1246 3922 καθ’

126 3957 359 4050 Ἡφαιστίωνα
389 3955 600 4047 καλούμενον,
638 3952 707 4028 ἄντ’
733 3957 877 4028 Ἰωνικῶν
905 3955 1038 4027 παίωνα
1056 3955 1166 4047 τρίτον
1191 3957 1248 4026 καὶ

133 4196 159 4330 Β·
224 4189 240 4244 1
257 4208 299 4262 μς
310 4187 323 4243 ‘.
334 4189 405 4260 λος.
420 4192 459 4261 με
466 4187 484 4254 ’,
503 4187 576 4259 quod
591 4189 693 4246 recenti
710 4203 792 4244 manu
806 4187 836 4243 in
846 4206 886 4258 μη
898 4187 1044 4256 mutatum,
1062 4185 1167 4252 Dfibn.;
1185 4184 1247 4242 fon.

159 4289 204 4346 08·
222 4274 283 4347 ιζ’·
353 4313 361 4324 -
