2746 4710
561 243 669 300 Scholia
686 245 716 301 in
732 244 825 303 nubes.

276 399 297 456 ὦ
314 404 504 474 καλλίπυργον
523 406 636 474 σοφίαν,

135 504 172 573 ἐκ
196 498 305 573 κώλων
324 507 545 592 χοριαμβικῶν
565 498 731 593 διαφόρως
756 502 991 594 κεκυλλημένων
1011 502 1097 574 δέκα.
1142 497 1185 573 ὧν
1204 504 1244 572 τὸ

134 613 265 698 πρῶτον
288 605 438 697 δίμετρον
467 604 685 696 ἀκατάληκτον
712 605 750 688 ἐξ
776 606 944 696 ἐπιτρίτου
970 604 1081 696 τρίτου
1108 609 1164 677 καὶ
1185 634 1244 694 χο-

134 708 282 801 ριοίμβου.
304 711 343 779 τὸ
363 707 508 800 δτότερον
529 709 563 778 ἐκ
581 706 759 799 χοριόμβου
782 710 838 778 καὶ
860 703 1091 800 ἆμφιβρόχεος.
1114 712 1152 780 τδ
1175 710 1245 802 τρί·

132 843 190 884 τον
212 815 249 886 ἐκ
269 811 423 902 διιόμβου
454 815 508 882 καὶ
532 811 719 903 χοριόμβου.
763 815 803 883 τὸ
830 814 984 905 τέταρτον
1012 815 1048 884 ἐκ
1067 815 1245 904 χοριοίμβου

133 919 189 987 καὶ
211 917 369 1005 βακχιίου.
410 918 449 987 τὸ
469 918 624 1005 πέμπτον
647 912 870 1008 ἀντιστρόφως
888 925 936 1009 τῷ
957 918 1078 1010 πρώτη)
1101 920 1138 988 ἐκ
1154 946 1245 1010 χορι-

133 1023 238 1110 οίμβου
258 1023 314 1089 καὶ
337 1021 504 1111 ἐπιτρίτου
523 1021 641 1111 τρίτου.
679 1021 717 1091 τδ
741 1022 834 1091 ἕκτον
856 1023 892 1105 ἐξ
924 1017 1166 1092 1αἰτισπόστου
1188 1026 1245 1094 καὶ

133 1134 286 1217 κρητικοῦ
306 1119 362 1193 εἴτ’
387 1120 439 1194 οὗν
460 1119 677 1216 ἅμφιμοίκρου.
713 1125 751 1196 τδ
782 1126 921 1212 ἕβδομον
939 1128 1151 1215 χοριαμβικόν
1172 1127 1244 1218 τρί-

133 1257 251 1319 μετρον
271 1230 576 1320 βραχυκατοίληκτον.
598 1230 636 1300 τὸ
660 1228 775 1318 όγδοον
796 1231 833 1313 ἕξ
853 1225 1074 1301 ἆντισπάστου
1093 1233 1150 1300 καὶ
1165 1231 1243 1319 ἰόμ-

132 1342 212 1422 βου,
235 1335 289 1402 διὰ
311 1334 350 1402 τὸ
372 1331 455 1416 ἐῆειν
478 1333 535 1403 τδν
557 1333 632 1402 ὅλον
654 1333 744 1403 πόδα
767 1333 823 1403 τὸν
848 1332 1106 1425 τετρασόλλαβον
1126 1336 1183 1404 καὶ
1204 1336 1243 1404 τδ

131 1438 231 1529 ῆμισυ
254 1431 366 1522 αότοῦ,
389 1437 450 1518 τὰς
472 1437 529 1507 δόο
545 1437 665 1529 δηλαδὴ
682 1435 857 1525 συλλαβάς,
878 1436 1024 1531 ἡμιόλιον
1038 1436 1244 1526 καλούμενον.

130 1541 169 1609 τὸ
192 1541 312 1630 ἔνατον
333 1542 369 1610 ἐκ
383 1538 566 1632 χοριόίμβου
595 1541 651 1610 καὶ
678 1542 840 1629 διιόμβου.
878 1543 916 1612 τδ
939 1543 1075 1613 δέκατον
1098 1544 1134 1612 ἐκ
1151 1569 1243 1633 χορι-

129 1646 237 1732 οίμβου
259 1646 316 1713 καὶ
338 1640 569 1735 όμφιβρόχεος.
583 1650 614 1734 29]

221 1760 334 1817 961-
345 1759 440 1818 1008
486 1749 591 1837 ῆλέξω
610 1747 740 1819 τοίνυνι
767 1748 930 1832 Είλτθισις
952 1754 1070 1843 διπλῆς
1093 1755 1242 1842 περιοδι-

131 1859 243 1942 κῆςρ
210 1880 232 1919 α
220 1847 388 1979 ’μοιβαίρις
407 1860 668 1943 μονοστροφικῆς
697 1851 748 1943 όφ
773 1854 823 1940 ἐν,
859 1856 914 1923 διὰ
942 1856 980 1924 τὸ
1000 1855 1046 1936 είς
1068 1862 1168 1947 μῆκος
1188 1856 1242 1924 ἕκ-

131 1954 302 2024 τείνεσθαι
325 1957 383 2048 τῆν
406 1955 599 2046 περίοδον’
583 1983 619 2024 εκ
634 1955 751 2041 στίχων
765 1951 1008 2028 όναπαιστικῶν
1023 1986 1131 2052 τετρας
1133 1961 1243 2050 ιε’τρων

131 2063 372 2151 καταληκτικῶν
394 2060 457 2148 μζζ
488 2054 531 2127 ὧν
552 2063 734 2142 τελευταῖος

271 2183 335 2258 ἦρος
352 2185 382 2238 ἐν
399 2183 456 2259 ὤρη
473 2187 598 2258 χαίρων,
615 2181 723 2239 ὁπόταν
742 2182 884 2246 πλάτανος
901 2189 1005 2256 πτελίῳ
1024 2191 1162 2263 ψιθυρίζῃ.

128 2291 224 2354 τοῦτο
244 2286 336 2354 δὲ
300 2312 374 2370 τος
361 2284 477 2375 μέτρον
494 2277 767 2428 Ἀριστοφάνειον
792 2287 1009 2358 3καλεῖται.ἱ
993 2313 1052 2355 επι
1066 2293 1140 2369 ταῖς
1154 2282 1241 2357 όπο-

220 2504 353 2562 1009-
365 2503 459 2562 1023
506 2492 571 2582 [[ἢν
592 2499 692 2562 ταῦτα
714 2501 836 2584 ποιῆςι
862 2492 1021 2577 Ἐκθεσις
1042 2504 1100 2586 τῆς
1121 2447 1242 2588 διπλῆς

129 2599 165 2667 ἐκ
188 2602 299 2666 κώλων
329 2596 457 2683 ὁμοίων
479 2594 723 2666 ἅναπαιστικιῦν
753 2599 946 2668 δεκαπέντε·
984 2594 1028 2668 ὧν
1051 2599 1093 2668 τὰ
1113 2601 1172 2688 μὲν
1192 2597 1239 2690 ιγ’

128 2701 264 2792 δίμετρα
286 2695 505 2791 ἀκατάληπτα·
541 2701 578 2770 τδ
610 2703 945 2793 τεσσαρακαιδέκατον
969 2701 1182 2795 μονόμετρον,
1221 2699 1241 2774 ὃ

130 2806 369 2893 παροτέλευτον
389 2801 587 2890 ὀνομάζεται.
609 2805 647 2875 τδ
670 2809 853 2875 τελευταῖον
875 2804 1114 2898 ἑφθημιμιρές,
1138 2800 1158 2876 δ
1180 2834 1239 2874 κα-

130 2913 236 2976 λεῖται
256 2907 491 2996 παροιμιακόν,
526 2907 570 2989 ὡς
592 2906 735 3000 εἴρηται,
774 2909 834 2978 ἐπὶ
855 2915 901 2999 τῷ
925 2910 1011 2978 τέλει
1030 2905 1088 2978 δόο
1111 2913 1238 2996 διπλαῖ,

129 3011 150 3101 ἡ
182 3000 241 3097 μὲν
277 3010 310 3077 ἐν
340 3008 432 3103 ἅρχῆ,
470 3009 489 3103 ῆ
526 3012 562 3081 δὲ
599 3013 682 3084 κατδι
720 3014 758 3081 τὸ
795 3011 889 3092 τέλος
924 3019 982 3081 τοῦ
1018 3010 1138 3099 κώλου,
1178 3011 1240 3099 ἔξω

128 3119 335 3204 νενευκυῖαιῆ

219 3217 351 3287 1024-
363 3228 456 3288 1035.
496 3215 551 3308 [[ιό
566 3218 781 3309 καλλίπυργον
796 3245 803 3287 :
833 3218 946 3310 Ἑτέρα
960 3217 1110 3303 εἴσδυσις
1124 3221 1240 3308 μέλους

125 3327 223 3411 χοροῦ
244 3324 406 3415 μεσφδικῆ
428 3319 660 3414 ἀντίστροφος,
683 3321 782 3409 όμοία
805 3330 847 3415 τῆ
865 3325 1090 3418 προρρηδείση
1106 3334 1239 3417 στροφῇ,

219 3487 444 3545 1ιξντισιτόστου
462 3490 546 3558 Reg.,
582 3490 802 3544 ἀντισπαστικοῦ
828 3490 903 3556 Αίδ,
940 3490 1132 3547 ἀντισπόστου
1149 3491 1238 3547 Dfibn.

127 3578 246 3633 Μυσοί
263 3577 293 3630 in
310 3576 364 3630 fine
380 3565 482 3630 mentio
507 3578 607 3642 διπλῆς
634 3577 688 3629 ἔσω
713 3584 871 3637 νενευκυίας
898 3575 1037 3644 δηλούσας
1060 3579 1136 3646 ἔχειν
1155 3577 1239 3631 ἀντα-

127 3661 253 3717 πόδοσιν
358 3665 375 3717 3
391 3663 459 3716 Post
476 3665 599 3716 καλεῖται
617 3662 758 3733 legebatur
776 3664 836 3716 ἐπεὶ
851 3664 1019 3735 εὐδοκίμησε
1037 3665 1126 3732 λέγων
1144 3661 1180 3724 τός
1199 3662 1238 3716 ὅτ’

127 3749 183 3819 ἐγώ
206 3749 240 3804 τὰ
264 3751 360 3803 δίκαια
382 3748 487 3816 ἤσκουν
511 3752 558 3802 καὶ
586 3748 757 3824 σωφροσύνη
784 3747 944 3822 νενόμιστο.
982 3753 1062 3802 τοῦτο
1087 3748 1140 3805 οίν
1164 3748 1239 3820 ίίγαν

125 3833 328 3910 Ἀριστοφάνης
346 3835 499 3906 ἀπεδέχετο
517 3835 675 3906 (ἐπεδέχετο
693 3834 738 3905 G.)
758 3833 794 3894 ὥς
811 3834 841 3889 εὖ
864 3838 1071 3907 πεποιημένον.
1108 3836 1240 3893 Herman-

127 3938 193 3988 nu8‚
219 3924 281 3977 ἐπεὶ
299 3920 367 3976 αὐτὸ
387 3921 476 3991 ἄγαν,
508 3922 603 3977 ceteris
623 3920 736 3986 εἰεοδὶε,
767 3937 835 3991 quae
859 3936 966 3976 versum
991 3920 1028 3975 ὅτ’
1054 3922 1109 3993 ἐγώ
1134 3922 1240 3992 ῆνδουν

128 4012 272 4078 exponunt
309 4008 472 4072 Dindorf.:‚
475 4009 553 4073 ,ιέπε
542 4009 673 4064 ιοεττοτί
687 4010 792 4080 potest,
824 4009 848 4063 si
865 4009 999 4064 sententia
1017 4009 1057 4064 sic
1074 4011 1240 4083 redintegre-

127 4098 185 4160 tur,
205 4097 266 4150 ἐπεὶ
284 4093 445 4166 κατακόρως
463 4096 536 4174 αὐτῷ
557 4093 694 4166 ἐχρήσατο
714 4093 961 4169 ὁἏριστοφυὶνης,
980 4099 1012 4151 ut
1029 4097 1150 4167 loquitur
1164 4098 1240 4153 scho-

126 4181 210 4237 liasta
227 4181 304 4237 Pluti
321 4196 347 4234 v.
360 4182 437 4238 487.“
459 4211 491 4220 -
518 4182 546 4237 in
564 4183 647 4238 schol.
667 4183 740 4238 Plut.
758 4183 811 4240 487
829 4185 857 4238 et
874 4183 926 4240 253
946 4183 1012 4239 haec
1029 4185 1172 4255 leguntur:
1191 4183 1239 4239 διὰ

127 4267 160 4321 τὸ
180 4266 385 4345 κατακόρως-
394 4266 560 4346 χρήσασθαι
564 4313 572 4338 ‚
592 4285 660 4341 quae
678 4268 813 4326 Dindorfii
828 4270 1007 4330 coniecturam
1023 4287 1078 4330 non
1089 4272 1239 4331 stabiliant.
