2746 4710
556 247 665 304 Scholia
682 249 712 306 in
728 264 816 305 ranas.
1204 247 1238 302 61

125 403 334 496 νατυίλνμτρν.
357 403 395 473 τδ
416 400 448 494 η’
476 405 679 494 1προῳδικδν
702 402 930 494 δωδεκίσημον
953 402 1111 493 διάφορον
1132 424 1239 491 προσ-

125 511 233 605 έλαβε.
269 509 307 577 τδ
335 505 378 576 δ’
407 507 644 578 δναπαιστικδν
672 507 854 598 [τρίμετρον
877 502 1120 598 ἆκατοίληκτον].
1150 508 1188 575 τὸ
1209 503 1239 574 ι’

125 611 283 701 ἰαμβικὸν
303 611 471 702 τρίμετρον
495 610 741 704 2οἰκατιίληκτον.
777 612 851 698 [ἐπὶ
871 620 918 701 τῷ
939 612 1024 680 τέλει
1053 614 1154 701 διπλῆ
1175 609 1240 679 ἔσω

125 721 299 787 νενευκυῖα.
345 714 410 801 ἔχει
440 717 476 785 δὲ
509 717 566 784 καὶ
602 713 817 806 ἀντιστροφὴν
852 714 969 801 ὁμοίαν
996 709 1074 784 καθ’
1104 715 1241 783 ἕκαστον

126 817 236 912 εαυτῇ.
280 813 319 911 ἦς
345 822 384 888 τὸ
412 824 594 889 τελευταῖον
634 824 720 889 δυεῖν
756 822 891 888 διπλαῖν
912 814 989 907 ,κατ’
1014 817 1113 910 ίίμηω
1139 817 1251 908 τδίκρα,

126 929 340 1037 σημειοῦσμι]
879 946 883 953 ’
942 950 971 986 ·.

218 996 457 1098 1274-1315.
501 1001 1040 1119 λοιδορῆσαιεηςπαραβοίσεως
1060 1027 1129 1095 ἐστὶ
1144 1025 1243 1114 μέρος

128 1133 189 1220 [τὸ
214 1131 413 1262 ἐπίρρημα
397 1161 435 1203 εκ
456 1130 573 1216 στίχων
601 1136 777 1220 τροχαὶκῶν
804 1133 1025 1220 τετραμέτρων
1049 1136 1241 1222 καταληκτι-

127 1241 195 1305 κῶν
217 1236 275 1326 ις’,
309 1235 375 1327 ε’σω
403 1235 564 1326 νενευκοίη
585 1238 696 1326 διπλῇ
720 1237 993 1324 3περατουμίνων.
1039 1234 1105 1320 ἔχει
1129 1236 1243 1305 δὲκαὶ

127 1334 358 1432 οἷντεπίρρημα
385 1334 463 1409 καθ’
493 1340 629 1408 ἕκαστον
654 1339 766 1433 ὅμοιον
791 1337 903 1429 ἑαυτῷ.
942 1334 980 1408 οὗ
1008 1340 1068 1409 ἐπὶ
1087 1349 1134 1430 τῷ
1156 1342 1242 1409 τέλει

128 1443 289 1536 κορωνίς.]

222 1558 360 1617 1316-
370 1559 464 1619 1334.
488 1546 662 1641 ευφημεῖν
690 1549 779 1640 χρήε
809 1548 962 1634 Στίχοι
946 1576 980 1616 εν
1011 1548 1145 1617 ἐκθέσει
1168 1543 1244 1617 ἆνα-

129 1657 305 1743 πᾳιστικοί
325 1655 575 1779 τετροίιιετροι
588 1656 840 1744 καταληκτικοὶ
856 1654 933 1722 4ιεῖ
978 1653 1084 1743 [ἐπὶ
1078 1658 1126 1744 τῷ
1157 1650 1243 1723 τέλει

87 1814 92 1823 .
130 1760 374 1851 παράχραφος]

222 1856 672 1989 1336-1408,ωηίλτατ
701 1856 855 1952 ανδρῶνε
886 1859 938 1929 Ἐν
967 1860 1148 1930 ἐκδέσει”
1131 1871 1246 1990 ιαμβρι
1323 1920 1325 1926 .

96 1980 99 1986 ’
135 1962 301 2059 τρίμετροι
322 1968 551 2058 καταληκτικοὶ
575 1964 639 2048 οδ’,
670 1967 725 2034 καὶ
747 1968 830 2052 μετὰ
851 1968 890 2033 τδ
911 1952 1092 2035 τελευταῖον
1112 1966 1247 2092 κορωνὶς

134 2072 237 2162 ἡτου
258 2068 331 2162 δράρ
332 2093 480 2186 ιατος.
1252 2087 1254 2092 ·
1364 2060 1368 2064 ’

571 2212 825 2221 -——-—-—--

478 2296 893 2463 ,ΒΑΤΡΑΧοκ

145 2637 148 2644 -
184 2660 187 2665 ,
230 2596 424 2657 208-219.
472 2582 685 2676 δαίδωδπ,
712 2586 802 2674 ὠόπ,
825 2585 1114 2670 δπιίΕίσδεσις
1133 2590 1249 2676 με’λους

115 2718 119 2725 ·
132 2698 232 2782 χοροῦ
250 2693 507 2783 μονοστροςυική·
529 2687 566 2784 ἧς
584 2692 787 2781 προτίθεται
801 2693 839 2760 τδ
854 2699 1001 2760 τοιοῦτον
1014 2696 1117 2761 κῶλον
1131 2697 1248 2762 δακτυ-

135 2794 228 2864 λικδν
252 2792 290 2863 δν
313 2793 463 2884 δίμετρον
486 2790 712 2887 οἶκατάληκτον.
734 2797 818 2865 κατὰ
832 2796 893 2883 γὰρ
908 2794 1112 2880 μονοποδίαν
1126 2804 1248 2886 μετρεῖε

136 2924 192 2965 ται
219 2897 262 2964 τὰ
284 2896 471 2968 δακτυλικά.
514 2901 555 2966 τὰ
585 2901 622 2968 δὲ
650 2909 707 2969 τοῦ
733 2907 829 2990 χοροῦ
853 2896 941 2966 κῶλά
962 2896 1027 2967 εἶσι
1047 2899 1246 2988 δυοκαίδεκα,

136 2996 182 3070 ὧν
202 3001 241 3072 τδ
263 3009 394 3093 πρῶτον
416 3004 472 3071 καί
495 3000 640 3094 δείπερον
659 3005 814 3100 τροχαίκὰ
834 3000 1059 3095 ἑφδημιμερῆ,
1082 3004 1138 3072 τὸν
1156 3012 1267 3095 πρῶ-“
1348 3033 1351 3039 ·

134 3132 194 3174 τον
214 3104 327 3190 Ιἔχοντα
348 3106 438 3175 πόδα
459 3106 630 3196 τρίβραχον
653 3106 726 3198 ἤτοι
746 3111 882 3197 χορεῖον.Ι
903 3105 933 3174 εἰ
955 3105 992 3176 δὲ
1016 3107 1140 3196 βούλει,
1164 3133 1260 3180 παι-’

137 3211 242 3278 ωνικδι
261 3208 397 3301 δίμετρα
420 3205 637 3303 ἅκατοίληκτα,
659 3212 696 3280 ἐκ
719 3210 871 3293 παίωνος.
886 3207 1041 3302 τετάρτου
1061 3213 1118 3280 καὶ
1138 3212 1250 3301 διιάμ-

136 3321 208 3402 βου.
253 3315 295 3381 τδι
320 3311 392 3405 ἑξῆς
431 3317 487 3383 δίο
515 3317 714 3406 χοριαμβικοὶ
747 3314 880 3403 δίμετρα
907 3313 1142 3406 καταληκτικιί,
1178 3316 1251 3408 ἤτοι

138 3413 356 3508 ὲφδημιμερῆ.
392 3418 430 3487 τδ
452 3419 607 3503 πέμπτον
631 3419 801 3510 τρίμετρον
824 3419 1061 3509 καταληκτικόν.
1094 3420 1133 3488 τὸ
1156 3420 1251 3488 ἕκτον

137 3517 354 3610 μονόμετρον,
392 3521 412 3613 ἢ
441 3522 576 3614 ίαμβικη
596 3525 703 3611 βάσις.
746 3523 784 3591 τδ
807 3521 945 3608 ἕβδομον
969 3521 1119 3611 δίμετρον
1149 3521 1249 3613 ὑπερ-

138 3621 341 3715 κατοίληκτον
369 3621 508 3696 Ἰωνικὸν
539 3620 608 3698 οίπδ
639 3627 794 3713 μείζονος.
837 3627 875 3694 τὸ
905 3623 1020 3713 ὄγδοον
1037 3630 1252 3716 χοριαμβικδν

138 3727 308 3819 τρίμετρον
329 3727 567 3820 ἄκατάληκτον,
592 3732 728 3818 τοῦμὲν
751 3724 882 3818 πρώτου
896 3729 1010 3810 ,ποδδς
1031 3727 1252 3800 πεντασυλλυί-

139 3839 220 3920 βου,
246 3839 305 3931 τῆς
326 3831 457 3924 πρώτης
476 3840 603 3924 μακρᾶς
622 3834 670 3917 εἰς
692 3831 749 3904 δυό
781 3830 933 3922 βραχείας
960 3834 1186 3926 διαλυομένης,
1216 3837 1252 3905 ἐκ

133 3935 267 4026 χορείου
294 3936 351 4005 καὶ
373 3934 509 4025 ἰάμβου·
552 3939 652 4031 θδδεν
681 3936 763 4019 ἴσως
792 3936 848 4004 καί
872 3939 1085 4026 χοριαμβικδν
1113 3937 1251 4033 ἐκλήθη

229 4105 245 4158 1
265 4101 439 4159 scribendum
457 4106 648 4235 προσοδιακὸν
736 4106 755 4159 2
771 4104 845 4158 Fort
864 4104 1064 4171 καταληκτικόν
1133 4109 1151 4162 3
1168 4127 1252 4183 περα

129 4189 292 4261 ,τούμενοκ
379 4189 490 4271 41606
509 4189 564 4244 ιε’.
650 4189 783 4248 6ουυιίε
798 4189 879 4244 huius
897 4189 1005 4246 fabulae
1022 4192 1125 4257 schoiia
1142 4196 1255 4251 metn'ca

141 4279 262 4345 praeter
267 4275 352 4333 schol.
370 4276 431 4340 316,
448 4261 509 4342 372,
528 4278 581 4334 384
597 4294 649 4333 om.
671 4285 702 4333 Θ
722 4285 763 4332 Μ.
885 4277 963 4333 eof.
982 4278 1070 4350 Περὶ]
1087 4297 1144 4351 cap
1163 4280 1210 4339 IX
1228 4284 1253 4338 1.
