2746 4710
186 263 221 316 70
608 259 716 316 Scholia
735 261 763 315 in
782 275 871 316 ranas.

183 417 242 503 μέν
262 417 297 483 έν
319 410 398 506 άρχῆ
425 422 482 482 τοῦ
509 413 627 500 κώλου,
667 413 686 506 ῆ
715 415 752 483 δέ
779 415 863 484 κατὰ
891 419 930 484 τὸ
960 416 1072 500 τέλος,
1106 408 1296 505 ’ἀμφότεραι

186 519 248 602 ἔξω
269 525 472 618 νενευκυῖαιῆ
1193 531 1198 542 ·

273 633 491 692 992-1076.
535 623 612 692 τάδε
632 623 691 709 μέν
715 620 838 703 λείσεις
859 616 1013 714 ηυίδηίε
1045 623 1219 714 [Κορωνὶς
1241 623 1297 691 καί

183 724 334 808 είσθεσις
353 735 465 816 χοροῦ,
504 728 652 817 έπηιδικῆ
675 727 735 813 μὲν
758 729 869 797 διὰτὸ
893 728 975 813 μετὰ
1005 728 1061 819 τῆν
1079 729 1201 817 διπλῆν
1230 734 1298 795 κεῖ-

184 839 286 916 σθαι,
309 834 478 922 προηνδικῆ
499 832 535 899 δέ
561 832 616 899 διὰ
644 831 682 901 τὸ
704 831 934 921 προτίθεσθαι
956 829 1069 920 ἑτέρας
1091 833 1229 920 διπλῆς,
1261 830 1296 900 έκ

184 935 295 1003 κοίλαν
316 936 371 1020 ιγ’.
392 929 434 1003 ὧν
454 936 493 1003 τὸ
515 935 549 1002 α’
567 928 807 1003 άναπαιστικὸν
829 934 979 1024 δίμετρον
1001 931 1235 1025 ἀκατάληκτον.
1257 936 1294 1003 τδ

183 1039 222 1125 β’
252 1037 405 1124 ἰαμβικὸν
429 1039 596 1128 τρίμετρον
627 1037 853 1130 άκατάληκτον.
887 1040 928 1106 τὰ
950 1039 994 1126 μ’,
1016 1038 1050 1120 ς’
1071 1038 1118 1126 ιγ’
1140 1039 1294 1126 τροχαῖκὰ

184 1140 398 1233 ἓφθημιμερῆ.
442 1144 483 1209 τὰ
515 1144 551 1211 δέ
576 1145 679 1211 λοιπὰ
701 1137 906 1233 ἇκατάληκτα
934 1143 990 1211 καὶ
1017 1141 1170 1233 δίμετρα,
1211 1143 1296 1233 πλῆν

183 1251 241 1313 τοῦ
268 1247 464 1335 μονομέτρου
501 1245 747 1335 παρατελείτοι·.
792 1249 825 1314 έν
861 1244 995 1314 ἐκθέσει
1029 1246 1065 1313 δέ
1102 1245 1210 1330 στίχοι
1241 1246 1296 1314 δύο

183 1347 416 1418 άναπαιστικοί
445 1352 652 1439 τετράμετροι
687 1349 931 1441 καταληκτικοί,
975 1348 1085 1436 ὅμοιοι
1115 1356 1189 1430 τοῖς
1226 1347 1297 1439 ἑξῆς

184 1457 301 1545 διπλῆς
309 1454 486 1540 ἅμοιβαίας
496 1455 676 1536 εἶσθέσεως
687 1453 906 1545 ἑβδομήκοντα
917 1452 1042 1538 κώλοις,
1055 1447 1099 1520 ὦν
1113 1456 1297 1521 τελευταῖον

323 1581 370 1630 καλ
388 1583 536 1648 μινθῶσαι
554 1579 605 1633 τὸν
623 1577 754 1640 ξύσσιτον
772 1576 876 1647 κάκβάς
891 1597 954 1631 τινα
970 1579 1178 1644 λωποδυτῆσαι.

185 1676 244 1746 ἐπὶ
266 1685 313 1768 τῷ
342 1678 429 1746 τέλει
450 1686 507 1769 τῆς
527 1679 587 1765 μέν
610 1683 797 1769 προηνδικῆς
815 1676 961 1768 κοριονίς’
993 1684 1058 1745 τῶν
1082 1677 1118 1746 δέ
1139 1677 1296 1767 τετραμέ-

183 1809 269 1872 τρων
289 1785 390 1872 διπλῆ
413 1780 475 1865 ἔξω
496 1787 686 1872 νενευκυῖαῆ]

273 1897 512 1956 1077-1098.
559 1891 629 1976 [νῦν
650 1882 683 1956 δ’
707 1886 888 1974 άντιλέγειε
916 1883 1092 1964 1’Έκθεσις
1105 1891 1163 1976 τῆς
1177 1887 1297 1976 διπλῆς

183 1989 230 2071 εἷς
252 1987 309 2059 δύο
335 1986 509 2079 περιόδους
541 1990 729 2082 ’διηρημένη
758 1991 796 2057 έκ
819 1987 929 2059 κάλεον
952 1989 1074 2076 ὁμοίιον
1095 1990 1296 2059 ἀναπαιστι-

183 2099 246 2161 κιῖιν
266 2091 329 2182 κγ’.
370 2089 413 2162 ὧν
441 2095 482 2161 τὰ
504 2095 563 2180 μέν
586 2101 700 2185 πρῶτα
721 2093 778 2162 δύο
801 2097 889 2161 κῶλα
911 2093 1046 2182 δίμετρα
1066 2093 1142 2164 δ’ντα
1169 2088 1303 2165 άκατά-.

184 2201 283 2288 ληκτα
308 2202 369 2288 3τῇ
391 2200 493 2289 διπλῆ
516 2195 720 2265 συνάπτεται.
759 2205 817 2288 τῆς
846 2197 882 2265 δέ
906 2194 1037 2286 πρώτης
1056 2195 1212 2289 περιόδου
1232 2199 1297 2269 εἰσί

184 2305 271 2369 κῶλα
300 2298 348 2368 ια’
376 2296 594 2392 άνατάληκτα,
629 2302 714 2392 πλὴν
744 2309 801 2369 τοῦ
829 2299 1012 2369 τελευταίου
1041 2298 1295 2392 ἓφθημιμεροῦς.

183 2403 306 2490 ὁμοίως
327 2406 364 2474 δέ
385 2407 501 2473 καὶτὰ
523 2411 581 2496 τῆς
603 2406 753 2495 δευτέρας
773 2404 846 2489 ἔχει.
871 2406 908 2472 τὸ
924 2405 1037 2491 μέντοι
1055 2408 1296 2494 παρατέλευτον

184 2502 405 2599 άναπαιστικῆ
426 2510 496 2577 έστι
517 2511 625 2596 βάσις.
662 2510 721 2577 ἐπὶ
744 2516 792 2598 τῷ
811 2512 897 2578 τέλει
919 2517 977 2600 τῆς
996 2510 1055 2595 μέν
1077 2509 1212 2601 πρώτης
1234 2538 1296 2579 πε-

183 2608 292 2703 ριόδου
316 2609 550 2702 παράμραφος,
585 2619 642 2704 τῆς
665 2615 701 2681 δὲ
725 2613 875 2702 δευτέρας
895 2614 952 2681 δύο
974 2616 1108 2698 διπλαῖ,
1141 2613 1296 2705 ῆμὲνέν

184 2710 265 2807 άρχῆ
286 2721 344 2783 τοῦ
366 2716 526 2807 κοίλου,ῆ
550 2718 586 2786 δέ
607 2718 690 2785 κατὰ
711 2718 749 2787 τὸ
771 2717 891 2806 τέλοςῆ
1341 2713 1348 2727 '

273 2831 511 2890 1099-1118.
558 2821 666 2909 ῆμέγα
686 2824 725 2891 τὸ
752 2829 887 2910 πρᾶγμα
902 2847 912 2890 t
930 2820 984 2886 ‘H
1000 2825 1294 2913 παροῦσαιστροφῆ

183 2926 240 2994 καὶ
270 2918 469 3016 άντιστροφῆ
500 2921 613 2992 κοίλων
645 2926 732 2994 ἐστίν
759 2922 896 3015 ἑκατέρα
923 2926 1001 2993 δέκα
1033 2925 1294 3012 ἐπιμεμιγμένων

182 3029 402 3118 τριβράχεσιν·
424 3022 467 3096 ὧν
487 3030 528 3096 τά
553 3026 599 3113 α’,
622 3027 665 3113 δ’,
690 3029 734 3111 ς’,
759 3026 785 3095 ι’
808 3027 962 3117 τροχαϊκὰ
984 3024 1184 3116 τετράμετρα
1199 3055 1295 3096 κατα-

183 3131 333 3220 ληκτικά·
353 3133 396 3198 τὰ
421 3132 457 3200 δέ
479 3133 582 3200 λοιπὰ
604 3131 740 3221 δίμετρα
763 3130 975 3222 άκατάληκτα.
995 3131 1034 3198 τὸ
1051 3131 1165 3216 μέντοι
1185 3128 1217 3214 ζ’
1239 3140 1296 3223 τῆς

184 3241 328 3325 στροφῆς
357 3228 596 3303 άναπαιστικὸν
617 3237 875 3326 πενθημιμερές,
911 3234 1027 3303 καὶτὸ
1050 3231 1122 3325 ἑξῆς
1143 3232 1294 3325 δίμετρον

182 3337 491 3429 βραχυκαιάληκτον.
514 3339 572 3407 ἐπὶ
585 3348 632 3429 τῷ
653 3341 738 3409 τέλει
759 3349 817 3430 τῆς
830 3341 889 3426 μέν
904 3345 1047 3429 στροφῆς
1064 3339 1294 3430 παράγραφος·
1349 3358 1356 3369 “

183 3452 241 3535 τῆς
262 3445 299 3513 δέ
320 3437 536 3534 άπιστροηῆς
557 3442 720 3533 κορωνίςῆ]

272 3556 512 3617 1119—1250.
559 3549 639 3636 [[καί
668 3549 729 3636 μῆν
763 3544 815 3614 ἐπ’
839 3540 983 3627 αὖτοέςι
1016 3547 1167 3635 Κορωνὶς
1200 3545 1293 3638 ἑτέρα

182 3650 348 3722 εἰσιόντων
375 3658 439 3720 τῶν
464 3650 658 3741 ὑποκριτῶν.
703 3650 734 3719 ολ
757 3652 794 3720 δέ
816 3650 921 3735 στίχοι
944 3648 1093 3737 ἷαμβικοὶ
1126 3650 1298 3743 τρίμετροι.

182 3750 398 3846 άκατάληκτοι
418 3753 500 3845 ρλβ’.
534 3749 578 3824 ὧν
600 3760 783 3836 τελευταῖος

186 3877 392 3888 ...—-——·

270 3941 284 3994 1
303 3944 426 3999 εἴουεσις
517 3940 533 3992 2
554 3941 723 4012 διηρημένης
741 3938 814 4004 ακί.;
838 3941 925 4006 διπλῆ
949 3941 991 3992 est
1006 3941 1065 3993 tots
1082 3939 1209 4008 periodus
1230 3941 1294 3996 inde

181 4044 200 4081 s
223 4041 302 4080 versu
327 4026 526 4092 1005-1098,
562 4028 704 4095 propterea
736 4027 886 4099 διηρημένη
921 4024 1090 4080 'referendum
1117 4025 1153 4080 οδ
1182 4027 1295 4088 ἔκθεσις

183 4112 227 4182 (cf.
241 4111 313 4180 971).
400 4113 466 4185 31η
485 4113 570 4186 διπλῆ
592 4111 769 4166 συνάπτεται.
789 4114 873 4178 διπλῆ
891 4116 1002 4167 nonest
1018 4114 1128 4182 signum
1146 4113 1195 4169 sed
1204 4117 1294 4184 perio·

182 4198 245 4262 dus,
264 4214 332 4268 quse
350 4198 484 4253 sntsoedit
500 4199 563 4253 inde
578 4215 597 4252 s
612 4215 691 4254 versu
703 4199 897 4256 1006-1075.
924 4199 1024 4254 rectius
1043 4201 1199 4272 scripsisset
1216 4202 1294 4259 scho-

180 4287 265 4342 liasta
282 4289 404 4340 εἰσθέσει
423 4289 471 4352 τῆς
488 4286 597 4352 διπλῆς.
