2746 4710
1209 227 1259 283 11⁷

149 382 320 465 scriptione
351 384 454 448 exstat
487 378 698 448 κεκόλλισται.
751 403 831 468 quae
858 384 953 450 lectio
983 386 1025 451 sit
1056 387 1260 468 praeferenda

148 484 406 551 luculentissime·
420 485 627 552 docetschol.
651 507 719 569 pac.
737 493 815 567 775,
839 488 894 554 ubi
916 490 995 556 haec
1018 490 1184 574 leguntur:
1218 489 1260 556 τὰ
1285 530 1288 534 -

148 582 221 675 ἑξῆς
242 585 280 668 ι’,
305 583 365 669 ια’,
389 585 447 671 ιβ’,
471 583 515 666 ὡς
537 586 596 670 μὲν
616 583 832 672 κεκόλλισται,
859 587 930 655 ἐστὶ
951 588 1129 679 χορίαμβος
1150 587 1259 681 ἔφθη·
1368 596 1371 601 ’

148 689 299 779 μιμερής,
329 695 487 780 συνῆπται
506 691 558 785 δι’,
589 692 709 786 idest,
737 695 801 760 tria
821 698 993 778 sequuntur
1018 695 1101 775 cola,
1132 699 1259 780 quaesi
1319 717 1321 722 ’

149 796 342 882 distinguere
378 796 458 863 velis
494 797 577 863 inter
614 817 647 862 so
685 800 760 863 suut
802 789 993 884 χορίαμβοι
1012 793 1258 888 ἓφδημιμερεῖς.

148 901 351 984 requiruntur
379 901 476 986 igitur
506 900 566 967 duo
594 900 676 966 inter
699 919 732 967 se
755 898 912 968 contrariu
940 903 1038 969 rerba
1066 900 1259 970 κικιλλισται

149 1042 191 1052 -
215 1007 391 1090 συνῆπται,
414 1023 485 1071 αιιιιι
507 999 660 1084 κολλίζειν
678 998 834 1091 (cotidie)
858 1007 891 1070 et
910 1003 1072 1071 corderado.
1087 1007 1172 1072 idem
1192 1008 1257 1075 fere
1281 1063 1284 1071 .
1336 1065 1339 1070 .

149 1107 336 1192 significent.
382 1107 526 1174 similiter
545 1107 643 1193 igitur
663 1107 718 1201 illa
736 1109 769 1173 in
785 1110 1013 1194 subscriptione
1028 1109 1259 1178 restituendum

149 1214 213 1293 eat,
234 1211 316 1296 quod
338 1211 371 1276 in
392 1211 454 1278 fine
476 1211 562 1295 pacis
582 1211 701 1297 legitur
720 1208 921 1278 uenditasse.

236 1315 295 1380 His
310 1315 504 1401 argumentis
520 1319 695 1381 commotus
710 1315 917 1382 Schneiderus
927 1303 1134 1383 Heliodorum
1147 1319 1259 1384 metris

147 1419 386 1503 Aristophaneis
398 1420 580 1486 continuam
594 1421 626 1485 et
640 1423 823 1504 perpetuam
838 1408 1147 1504 operam'n'avantem
1156 1422 1258 1487 ιωλο·

147 1517 281 1608 μετρίαν
297 1523 478 1608 scripsisse,
502 1524 626 1606 qualem
637 1524 814 1608 Eugenium
830 1527 919 1603 ,τῶν
933 1519 1258 1606 μελικῶιΑἷσχύλοι,

125 1622 353 1714 Σοφοκλέους
382 1625 438 1690 καὶ
465 1616 644 1713 Εὐριπίδου
652 1632 682 1707 “,
711 1629 796 1693 recte
824 1626 1002 1712 suspicatus
1018 1631 1096 1707 est,
1132 1627 1259 1705 addens,

147 1731 324 1798 Phaeinum
352 1732 385 1796 et
414 1730 652 1814 Symmachum,
687 1732 723 1795 ut
757 1733 879 1797 ceteras
909 1731 1120 1816 antiquiorum
1152 1753 1258 1818 gram·

148 1835 336 1901 maticorum
357 1822 575 1900 annotationes
598 1854 667 1900 eam
688 1835 721 1900 in
748 1853 822 1900 snos
844 1835 1044 1902 transtulisse
1065 1839 1259 1903 commenta·

148 1939 229 2022 rios,
266 1939 468 2025 praecipuum
503 1957 539 2004 ac
566 1939 699 2004 unicum
731 1941 873 2006 veterum
907 1939 1099 2007 scholiorum
1128 1942 1258 2008 fontem.

148 2042 204 2109 sed
224 2044 264 2109 ad
291 2044 371 2108 hanc
395 2042 575 2109 Schneideri
604 2043 795 2118 senteutiam
815 2043 1036 2109 stabiliendam
1064 2044 1144 2110 aliae
1169 2056 1262 2111 acce·'

148 2149 229 2213 dunt
248 2166 361 2233 causae
384 2166 421 2212 ac
443 2148 621 2231 grauiores,
644 2147 682 2212 de
706 2147 819 2230 quibus
841 2150 951 2232 postea
974 2148 1258 2221 accuratiusdicc-

148 2270 228 2317 mus.
279 2249 469 2316 Heliodorus
506 2253 611 2316 autem
648 2252 716 2315 tam
752 2250 885 2336 insignis
923 2251 1007 2316 inter
1040 2254 1162 2318 veteres
1198 2251 1260 2318 fuit

147 2354 373 2432 metricusfflr
373 2353 610 2420 tSuidast
560 2357 610 2419 cet
612 2371 681 2420 eros
711 2355 871 2438 appellans
901 2356 1141 2481 grammaticos,
1175 2358 1260 2422 hunc

147 2459 251 2524 solum
266 2457 444 2523 nominaret
458 2454 649 2543 ,μετρικὸιι
652 2454 999 2565 ‘(Eippoc109,‘oaci
1016 2456 1168 2538 Πάκατας
1183 2460 1258 2547 κλη-

130 2545 239 2641 δας,
277 2553 428 2648 μαθητὴς
457 2554 663 2647 Ἡλιοδώρου
694 2557 752 2626 τοῦ
790 2557 1000 2648 ,μετρικοῦ“
1035 2558 1259 2648 γραμματικὸς
1340 2566 1343 2570 ’

141 2657 397 2749 Ἀλεξανδρεύς).
453 2668 578 2748 praeter
611 2664 701 2730 illam
730 2665 968 2759 Aristophaueis
1001 2666 1127 2745 metris,
1164 2685 1259 2749 quam

146 2769 242 2834 dabat
262 2788 403 2852 operam,
429 2768 635 2835 Heliodorum
652 2769 749 2835 etiam
763 2765 953 2860 ἐγχειρίδιον
968 2770 1148 2853 scripsisse,
1166 2770 1257 2854 quale
1355 2818 1358 2824 .

145 2872 389 2955 Hephaestionis
411 2871 502 2938 nobis
522 2872 673 2937 traditum
697 2873 754 2953 est,
775 2873 867 2938 docet
852 2872 1071 2961 thongiuns
1063 2894 1095 2938 ιιι
1110 2873 1257 2958 prolego-
1357 2958 1361 2969 Ι

144 2976 260 3053 menis,
294 2969 499 3061 Ἡλιόδωρος
523 2980 580 3039 τοῦ
611 2967 851 3062 ἐγχειριδίου
831 2973 1006 3062 αρχόμενος
1047 2973 1130 3041 ου’τω
1160 2974 1256 3061 λέγει,

81 3131 84 3137 .
146 3081 241 3158 ,τοῖς
263 3076 297 3144 ἐι
315 3075 424 3164 χερσὶν
445 3074 528 3158 ἔχειν
544 3076 849 3166 κεφαλαιωδέστερα
878 3081 1046 3166 (Bergkius
1073 3081 1256 3168 κεφαλαιω-

144 3179 298 3265 δέστατα)
326 3171 385 3269 τῆς
410 3184 560 3269 μετρικῆς
587 3180 766 3266 γέγραπται
793 3182 831 3249 τὸ
857 3180 985 3268 (tilliaco
1016 3188 1127 3267 τοῖτο,
1168 3187 1256 3252 ouius

144 3286 299 3354 rationem
330 3288 363 3351 et
386 3285 621 3378 dispositionem
642 3288 834 3371 Hephaestio
863 3291 1066 3356 vehementer
1088 3291 1256 3374 vituperat,

146 3390 185 3456 (tf.
208 3391 307 3475 Long.
327 3390 447 3475 proleg.
468 3384 530 3470 δ’,
564 3386 583 3455 ὃ
607 3386 819 3477 Ἡφαιστίων
842 3388 988 3458 αἰτιᾶται
1013 3390 1073 3459 τὸν
1088 3389 1255 3458 Ἡλιόδω-

140 3497 218 3580 ‘posu
246 3489 298 3560 ὅτι
320 3495 391 3578 τοῖς
414 3490 649 3576 διιαρχομένοις
669 3488 803 3582 γράφει,
834 3501 905 3573 ταῖς
926 3493 986 3583 γὰρ
1008 3487 1157 3582 dasborg
1178 3489 1255 3561 dot-

144 3619 240 3662 νατον
260 3602 374 3685 νοῆσαι
393 3595 450 3662 τὸν
471 3593 553 3684 ὅρον.
584 3599 734 3665 nonnulla
757 3617 881 3680 eorum,
902 3619 980 3685 quae
996 3601 1035 3666 ad
1048 3600 1255 3667 Heliodorum

141 3701 304 3785 pertinent
323 3703 500 3786 fragmenta
521 3703 595 3768 Keil
613 3706 794 3787 composuit
809 3704 853 3769 ‚in
873 3705 954 3770 libro
986 3723 1043 3797 suo
1066 3704 1120 3789 qui
1141 3705 1254 3770 inscn'·

144 3807 232 3872 bitur
253 3807 476 3890 „quaestiones
491 3808 754 3893 grammaticae,“
778 3808 927 3893 pleraque
946 3808 1034 3874 addit
1048 3807 1254 3891 Westphalus

144 3911 245 3993 petita
268 3911 424 3977 err-schol.
449 3911 602 3991 Saibant‚
625 3913 678 3978 ubi
702 3913 740 3978 de
763 3905 886 3996 syllaba
907 3912 1054 3997 ancipiti,
1079 3912 1152 3997 quid
1168 3911 1254 3978 dicat
1296 3941 1301 3950 ·

144 4014 350 4093 Heliodorus,
388 4016 478 4080 nobis
514 4016 647 4100 exponit.
699 4017 843 4100 equidem
886 4037 922 4083 ea
953 4021 1077 4083 tantum
1113 4019 1254 4101 repetam

144 4116 337 4202 fragmenta,
377 4124 455 4202 quae
483 4121 730 4204 argumentando
761 4120 879 4205 aliquid
906 4121 1071 4205 proficiant
1102 4121 1252 4203 nobisque
1324 4144 1341 4202 j

143 4222 366 4310 persuadeant,
388 4223 593 4293 Heliodorum
613 4245 646 4293 re
668 4244 744 4294 vera
767 4227 909 4293 ueterum
931 4226 1122 4298 schohorurn
1144 4226 1252 4298 aucto-
