2746 4710
178 261 213 317 62
605 255 713 312 Scholia
728 256 758 312 in
774 272 864 314 ranas,

149 500 155 511 s
178 421 237 487 τοῦ
255 416 292 485 δὲ
316 415 465 502 δευτέρου
485 411 625 482 Ἰωνικοῦ
645 413 713 483 άπὸ
733 412 893 500 μείζονος,
916 416 973 482 τοί·
993 413 1030 482 δὸ
1044 411 1154 505 τρίτου
1176 413 1289 500 διιάμ-

178 529 246 608 βου.
282 519 320 590 τὸ
344 517 457 588 ἔνατον
477 519 690 607 χοριαμβικὸν
713 517 861 607 δίμετρον
888 511 1116 608 α’κατόληκτον.
1154 519 1194 586 τὸ
1217 517 1289 609 ἑξῆς

178 624 299 710 ὅμοιον.
334 623 373 693 τὸ
396 622 634 711 παρατέλευτον
654 620 823 711 τρίμετρον
844 616 1077 713 άκατάληκτον·
1103 616 1123 691 ὸ
1142 625 1288 690 καλεῖται

182 719 524 818 ιπροσιοδιακόν,’διὰ
549 726 588 794 τὸ
608 726 666 794 τὸν
688 732 820 814 πρῶτον
847 726 930 811 {stem
952 723 1043 796 πόδα
1061 727 1196 795 Ἰωνικὸν
1217 720 1287 796 άπὸ

177 831 332 918 μείζονος.
382 831 421 900 τὸ
455 834 636 899 τελευταῖον
670 829 714 912 ὡς
750 832 789 900 τὸ
830 839 969 922 πρῶτον.
1025 831 1085 900 ἐπὶ
1119 836 1167 921 τῷ
1202 831 1287 900 τέλει

178 935 359 1028 κορουίςλ·

266 1049 463 1109 220-227.
497 1032 667 1131 ΙβἘφεξῆς
695 1038 732 1107 δὲ
753 1038 898 1130 σύστημα
929 1039 984 1108 καί
1013 1037 1170 1128 περίοδος
1190 1027 1287 1125 άμοι-

175 1143 257 1233 βαία
277 1141 465 1224 ὸπτάκοιλας
495 1141 655 1230 ίαμβικῶν
676 1143 834 1231 διμέτρου
856 1140 1098 1235 άκαταλήκτου,
1123 1144 1209 1234 πλὴν
1231 1150 1288 1213 τοῦ

180 1245 301 1332 κοίλου,
341 1239 368 1338 ᾦ
399 1249 565 1338 κέχρηνται
593 1245 638 1328 ὡς
671 1247 817 1338 ἐφυμνίῳ
848 1245 965 1333 ὁμοίου
995 1255 1045 1337 τῷ
1074 1245 1198 1337 πρώτῳ
1229 1253 1288 1315 τοῦ

175 1354 292 1441 μέλους
311 1348 425 1423 αότῶν.
455 1353 514 1420 ἐπὶ
535 1360 582 1441 τῷ
603 1351 689 1420 τέλει
711 1349 956 1443 παράγραφοςλ]
1097 1381 1100 1390 ·

265 1465 461 1526 228-235.
508 1454 690 1545 [[είκότοιςε
718 1453 879 1536 Είσδεσις
904 1457 1020 1541 μέλους
1047 1454 1157 1544 ἑτέρου
1186 1482 1286 1543 μονο-

176 1566 356 1652 στροφικοῦ
375 1559 411 1629 ἐκ
430 1557 542 1629 κοίλου
564 1559 729 1651 διαφόρου
754 1553 866 1630 δόκτοί.
889 1553 934 1628 ὦν
949 1560 987 1628 τὸ
1003 1565 1135 1649 πρῶτον
1158 1567 1288 1651 τροχαί-

176 1666 233 1734 κὸν
250 1656 421 1756 τρίμετρον
442 1661 750 1755 βραχυκατάληκτον.
793 1665 832 1732 τὸ
854 1661 999 1753 ὸείπερον
1017 1663 1154 1734 Ἰωνικὸν
1175 1664 1287 1753 τρίμε-

174 1795 251 1858 τρον
281 1761 518 1859 άκατάληκτον,
555 1775 613 1837 τοῦ
643 1765 774 1859 πράσου
812 1770 918 1851 ποδὸς
945 1766 1091 1849 παίωνος
1121 1766 1285 1858 τετάρτου,

174 1880 240 1940 τῶν
274 1871 312 1940 δὲ
341 1868 415 1962 ἑξῆς
446 1869 643 1960 διτροχαίου.
660 1870 721 1940 ιτὸ
753 1870 863 1960 τρίτον
892 1873 1103 1963 χοριαμμικὸν
1136 1870 1287 1961 δίμετρον

174 1975 473 2066 βραχυκατάληκτον
490 1975 525 2043 ἐκ
548 1973 692 2057 παίωνος
705 1972 860 2064 τετάρτου
875 1977 929 2044 καί
946 1980 1115 2067 τροχαϊκῆς
1129 1975 1286 2064 συζυγίας.

173 2081 212 2150 τὸ
235 2081 387 2169 τέταρτον
405 2078 554 2168 δίμετρον
577 2076 797 2170 ἀκατάληπτον
825 2080 862 2150 ἐκ
883 2079 1029 2161 παίωνος
1049 2077 1206 2171 τετάρτου
1230 2081 1287 2147 καὶ

174 2182 365 2275 διτροχαίου.
400 2183 439 2253 τὸ
468 2185 621 2269 πέμπτον
643 2184 855 2273 χοριαμβικὸν
882 2183 1033 2275 δίμετρον
1063 2181 1286 2274 ὸπερκατάλη-

174 2315 252 2357 κτον
271 2288 308 2356 ἐκ
330 2285 478 2369 παίωνος
500 2284 653 2376 τετάρτου
675 2288 730 2356 καί
752 2277 1077 2376 ίαμβικῶνσυζυγιιόν
1091 2287 1163 2379 ἤτοι
1178 2285 1286 2373 διιάμ·

173 2401 251 2480 βου.
286 2391 323 2459 τὸ
346 2390 440 2459 ἕκτον
462 2390 612 2482 δίμιτρον
640 2389 876 2483 άκατάληκτον,
913 2390 985 2477 &stov
1006 2391 1104 2482 ὸίμφοι
1129 2392 1177 2475 το)
1201 2388 1285 2461 πόδε

172 2490 388 2581 ὸξασολλάβοι.
417 2494 456 2562 τὸ
480 2494 619 2581 ἕβδομον
642 2493 793 2582 ἰαμβικὸν
815 2494 966 2586 δίμετρον
988 2489 1216 2586 άκατάληκτον.
1246 2495 1284 2564 τὸ

173 2602 356 2669 τελευταῖον
378 2600 483 2689 δῆλον.
512 2599 571 2668 ἐπὶ
592 2605 640 2689 τῷ
660 2599 746 2668 τέλει
767 2598 931 2690 κορωνίς.]]

263 2711 326 2771 236
339 2713 460 2772 -240,
506 2701 590 2791 βἘν
611 2702 761 2772 εἶσθίσει
782 2705 819 2772 δὲ
841 2708 929 2772 κῶλα
951 2705 1062 2774 πέντε·
1082 2698 1127 2773 ὧν
1145 2704 1187 2772 τὸι
1209 2701 1284 2793 τρία

174 2807 311 2896 ίαμβικὸ
335 2805 468 2899 δίμετρα
486 2801 706 2899 άκατάλιμιτα,
727 2809 766 2878 τὸ
784 2809 937 2900 τέταρτον
951 2812 1054 2901 δῆλον.
1076 2808 1114 2877 τὸ
1130 2807 1284 2894 πέμπτον

171 2910 382 3000 χοριαμβικὸν
403 2910 572 3003 τρίμετρον
593 2911 630 2995 ἐξ
649 2911 824 3002 ἐπιτρίτου
843 2911 1173 3004 βροχικατάληκτονβ

260 3025 456 3087 241—250.
503 3019 652 3105 βμᾶλλον
673 3017 733 3102 μὸν
751 3011 831 3086 οὸντ
853 3015 1016 3098 mosem
1038 3018 1156 3103 μέλους
1174 3013 1284 3105 ἑτέρου

173 3125 428 3209 μονοστροφικοῦ
455 3120 492 3188 ἐκ
523 3120 634 3188 κοίλου
659 3120 825 3211 διαφόρων
850 3121 965 3195 8δέκα·
1001 3115 1048 3189 ὦν
1084 3120 1123 3190 τὸ
1145 3125 1284 3210 ξπριὸτον

171 3216 383 3312 χοριαμβικὸν
417 3221 587 3314 τρίμετρον
620 3223 659 3307 ἐξ.
689 3224 864 3316 ἐπιτρίτου
892 3226 949 3294 καὶ
978 3232 1137 3317 κρητικοῦ.
1180 3226 1220 3294 τὸ
1244 3220 1283 3311 β’

173 3326 342 3414 τροχαϊκὸν
363 3323 514 3416 δίμετρον
532 3321 757 3420 άκατάληκτον.
797 3331 835 3400 τὸ
857 3328 966 3420 τρίτον
982 3330 1111 3416 ὅμοιον,
1137 3337 1196 3398 τοῦ
1218 3326 1282 3417 τρί-

172 3454 230 3499 του
252 3431 359 3512 ποδὸς
379 3427 568 3520 τριβράχεος
588 3429 756 3523 ἢχορείου.
774 3433 813 3503 τὸ
828 3433 981 3525 τέταρτον
997 3432 1110 3521 ὅμοιον
1125 3429 1283 3525 καθαρόν.

170 3533 209 3605 τὸ
229 3534 383 3621 πέμπτον
399 3533 670 3626 ἐπιχοριαμβικὸν
684 3537 835 3628 δίμετρον
854 3537 1071 3630 άκατάληκτον
1085 3536 1122 3607 ἐκ
1137 3537 1284 3622 παίιυνος

171 3638 324 3728 τετάρτου
345 3639 402 3708 καὶ
420 3640 605 3728 χοριάμβου.
626 3643 665 3710 τὸ
689 3641 781 3712 ἕκτον
803 3642 915 3729 ὅμοιον
929 3640 1284 3735 σπονδειοκατάληκτον

170 3746 219 3830 τῷ
239 3743 376 3834 δευτέρῳ
397 3742 487 3812 ποδί.
523 3745 562 3814 τὸ
585 3743 724 3832 ἕβδομον
746 3745 899 3834 ἰαμβικὸν
929 3747 1080 3838 δίμετρον
1101 3744 1283 3838 ὸπορκατά-

170 3848 294 3935 ληκτον.
326 3846 369 3914 τὸ
392 3843 465 3936 ἑξῆς
486 3843 545 3916 δόο
566 3853 614 3938 τῷ
635 3851 773 3939 δευτέρῳ
795 3849 941 3942 πέφυκεν
969 3849 1075 3937 όμοια.
1111 3852 1149 3921 τὸ
1172 3856 1283 3921 τελευ-

171 3956 262 4018 ταῖον
284 3952 385 4039 δῆλον.
414 3949 474 4018 ἐπὶ
494 3956 541 4041 tq?
561 3953 647 4022 τέλει
669 3952 833 4044 κορυνίς.]]

259 4185 275 4239 1
294 4181 376 4240 Scrib.
393 4184 586 4259 προσοδιακὸν
681 4185 817 4257 Regius
839 4186 869 4241 in
893 4186 1032 4244 duodecim
1049 4192 1122 4244 κῶλα
1141 4189 1281 4261 dispescit.

172 4266 309 4341 3Baegius
332 4269 461 4328 trodwim
486 4274 559 4326 κῶλα
576 4271 650 4328 facit.
741 4318 746 4326 .

31 4396 37 4411 ·
90 4344 263 4442 Α
