2738 4710
184 230 218 286 66
608 228 715 286 Scholia
733 226 761 284 in
782 242 871 286 ranas.

183 381 420 474 ἆκαταλήκτων.
462 382 522 450 ε’πὶ
541 387 588 471 τῷ
618 383 704 452 τέλει
736 383 977 474 1παραήραφος.
1021 381 1095 472 ἑξῆς
1117 383 1154 452 δέ
1177 383 1294 474 ταύτης

181 496 240 579 τῆς
261 496 404 579 στροφῆς
424 487 459 554 ἐν
480 485 628 555 είσδέσει
651 487 796 576 σύστημα
817 489 900 554 κατὰ
923 489 1105 576 περικοπὴν
1120 485 1293 574 ἀμοιβαῖον

183 591 220 659 ἐκ
242 589 352 659 κώλων
375 587 539 678 ἀναλόγως
559 598 598 680 τῇ
621 597 747 680 στροφῇ
769 592 937 676 κειμένων·
975 583 1019 658 ὧν
1041 591 1079 660 τδ
1108 594 1292 659 τελευταῖον

117 760 119 764 ,
183 691 388 786 παραηρᾶφφ
410 697 625 784 σηιιειοῦται.η

272 809 469 868 440-459.
520 801 676 886 δχωρεῖτε
707 805 791 866 νῑνι
831 795 992 878 Είσθεσις
1028 795 1138 885 ἑτέρου
1175 798 1293 883 μέλους

182 903 349 993 προφδικη
377 900 601 989 διαιρεθέντος
626 896 725 981 αὖθις
745 910 802 968 τοῦ
829 905 939 989 χοροῦ,
977 901 1115 969 καὶτοῦ
1147 902 1207 986 μὲν
1235 904 1291 992 τὴν

182 1008 332 1097 προφδην
350 1003 504 1094 ᾄσαντος,
525 1013 582 1072 τοῦ
607 1005 643 1072 δὲ
664 1006 721 1094 τὴν
741 997 966 1094 ἀντιστροφὴν.
989 1005 1046 1072 καὶ
1067 1001 1134 1073 εἰσὶ
1154 1011 1214 1094 τῆς
1233 1006 1292 1090 μέν

183 1112 334 1199 προφδῆς
365 1109 406 1176 τὰ
429 1113 517 1176 κῶλα
540 1108 634 1179 δκταί.
671 1108 708 1178 τὸ
731 1114 863 1196 πρῶτον
891 1103 1030 1176 Ἰωνικδν
1052 1109 1123 1177 ἀπὸ
1146 1108 1294 1193 μείζονος

181 1212 350 1302 τρίμετρον
387 1214 630 1304 καταληκτικόν,
667 1220 724 1280 τοῦ
755 1213 903 1300 δευτέρου
931 1213 1037 1292 ποδὸς
1066 1209 1293 1299 έξασολλάβου.

182 1319 223 1386 τὰ
245 1325 268 1402 β
275 1317 291 1398 ',
324 1315 360 1385 δ’
382 1317 438 1385 καὶ
461 1320 641 1386 τελευταῖον
662 1316 829 1384 παιιονικδ
861 1315 994 1405 δίμετρα
1016 1318 1233 1407 καταληκτικδ
1258 1317 1294 1384 έκ

183 1420 327 1501 παίωνος
347 1416 494 1510 πρώτου,
515 1419 536 1510 ἢ
556 1417 725 1509 τετάρτου,
747 1419 804 1488 καὶ
825 1419 991 1504 βακχείαν,
1021 1415 1292 1511 ἢᾶμφιβροίχεος.

181 1526 218 1595 τὸ
240 1524 347 1614 τρίτον
369 1522 522 1610 ἰαμβικὸν
544 1523 692 1612 δίμετρον
721 1521 946 1613 ἅκανάληκτον.
990 1524 1027 1591 τὸ
1057 1524 1215 1608 πέμπτον
1238 1525 1293 1591 καὶ

182 1632 321 1715 έβδομον
342 1625 597 1715 έπιχοριαμβικδ
621 1627 757 1716 δίμετρα
786 1622 989 1717 ἀκατάληκτα
1011 1626 1047 1696 ἐκ
1068 1623 1239 1714 διιοίμβου,
1275 1626 1294 1717 ἢ

182 1731 349 1819 ἐπιτρίτου
370 1730 493 1819 τρίτου,
513 1731 568 1798 καί
581 1731 769 1818 χοριοίμβον.
792 1731 829 1800 τδ
852 1731 943 1799 ἕκτον
962 1730 1132 1819 τροχαὶκδν
1149 1730 1294 1820 ίδοφαλ-

182 1837 281 1905 λικόν.
323 1840 379 1926 της
407 1833 444 1902 δὲ
467 1838 608 1924 στροφῆς
628 1835 669 1901 τδι
692 1837 781 1902 κῶλα
802 1831 840 1916 ἓξ
859 1834 915 1902 καὶ
936 1835 978 1900 τδ
999 1843 1057 1924 τῆς
1078 1833 1293 1926 ἀντιστροφῆς

181 1949 334 2009 τοσαῦτα.
378 1931 421 2007 ὦν
449 1939 490 2006 τὰ
520 1944 636 2027 πρῶτα
667 1936 804 2023 ἶαμβικὰ
833 1936 968 2024 δίμετρα
994 1935 1208 2028 ἀκατοίληκτα.
1253 1939 1293 2006 τὰ

182 2043 312 2132 δεύτερα
332 2042 551 2132 καταληκτικδι
572 2039 645 2130 ἤτοι
668 2038 886 2132 ἓφδημιμερῆ.
930 2041 968 2111 τδ
994 2041 1104 2127 μέντοι
1123 2048 1181 2133 τῆς
1203 2037 1292 2109 ἀντι-

183 2156 324 2238 στροφῆς
347 2144 518 2234 τρίβραχνν
548 2143 691 2228 ἔχειτὸν
716 2145 865 2233 δεύτερον
893 2145 1001 2213 πόδα·
1034 2143 1119 2214 ἔνθα
1141 2147 1198 2214 καὶ
1220 2141 1292 2214 ἀντὶ

181 2258 238 2320 τοῦ
258 2249 383 2339 ἱλαρόν,
412 2247 496 2340 ἱερὸν
518 2245 684 2339 γράφεται.
727 2250 768 2316 τὰ
788 2248 882 2339 τρίτα
906 2243 1031 2317 Ἰωνικὰ
1054 2247 1124 2318 ἀπὸ
1146 2249 1291 2336 μείζονος

182 2353 317 2442 δίμετρα
353 2353 570 2443 καταληκτικδι
606 2350 643 2420 έκ
680 2350 824 2432 παίωνος
859 2353 1006 2444 δευτέρου
1047 2353 1104 2421 καὶ
1144 2362 1290 2446 κρητικοῦ

181 2455 254 2548 ἤτοι
274 2449 490 2546 αἰμφιμοίκροο.
520 2457 561 2522 τὰ
582 2455 722 2541 πέμπτα
742 2457 797 2524 καὶ
818 2458 860 2525 τδι
883 2457 960 2525 ἕκτα
976 2455 1103 2543 ὁμοίως.
1127 2459 1169 2528 τὰ
1184 2458 1291 2545 μέντοι

182 2565 239 2650 τῆς
269 2557 485 2650 ἀντιστροφῆς
514 2552 581 2626 ἄντ’
610 2557 758 2627 Ἰωνικῶν
780 2559 846 2644 ἔχει
868 2559 1017 2641 παίωνας
1039 2562 1214 2652 δευτέρους.
1254 2562 1292 2629 τδι

181 2668 349 2732 τελευταῖα
368 2655 491 2730 Ἰωνικδ
512 2658 688 2754 ηιιιόίια”
668 2691 739 2755 ητοι
760 2663 806 2750 δίρ
793 2691 895 2751 μετρα
917 2663 1252 2757 βραχοκατάληκτα.
1235 2667 1291 2734 επὶ

180 2794 226 2858 τφ
255 2767 341 2836 τέλει
368 2792 439 2884 της
452 2766 529 2851 μὲν
539 2770 693 2857 προωδοῦ
722 2767 778 2835 καὶ
807 2795 864 2858 της
892 2777 1035 2859 στροφης
1064 2766 1290 2861 παροίγραφος,

180 2880 238 2962 τῆς
259 2867 336 2939 δέ
317 2894 534 2961 αντιστροφης
558 2869 722 2960 κορωνίς]]

270 2983 467 3043 460-533
513 2972 597 3062 Mys
626 2972 695 3065 δηε
725 2975 874 3063 Κορωνὶς
902 2972 1071 3044 εἰσιόντων
1100 2971 1202 3058 αοθις
1231 2985 1292 3045 τῶν

180 3077 373 3164 ὑποκριτῶν.
396 3075 427 3145 οὶ
450 3078 486 3146 δέ
510 3077 614 3162 στίχοι
637 3077 783 3165 ίαμβικοὶ
805 3077 969 3170 τρίμετροι
991 3071 1212 3170 ιῖκατοίληκτοι
1227 3078 1290 3166 οδ’,

182 3173 225 3248 ὧν
245 3184 428 3260 τελευταῖος

461 3304 532 3375 ἐμοῦ
550 3305 677 3371 δεηθείης
696 3303 746 3370 ἅν,
767 3310 792 3360 εἰ
809 3304 874 3365 θεὸς
891 3309 969 3359 θέλοι

181 3405 240 3472 επὶ
262 3410 308 3494 τῷ
330 3404 415 3472 τέλει
436 3403 598 3493 κοριονίς.ῃ

269 3517 466 3580 534-548.
509 3509 690 3592 ταῦταμὲν
712 3510 798 3599 πρὸς
825 3506 982 3600 ανδρός
965 3533 1077 3578 εστινε
1102 3488 1291 3598 Πίσθεσις

179 3616 295 3742 μέλρυς
313 3620 409 3702 χοροῦ
432 3613 600 3738 προφδικὴ
623 3634 765 3739 στρηφης
787 3610 926 3701 λόγον”
903 3637 1035 3698 εχουσα,
1056 3613 1138 3716 (3220
1159 3613 1291 3705 γὰρκαὶ

180 3711 411 3847 αντίστροφον,
442 3718 480 3785 τὸ
503 3722 583 3801 ,,νῦν
599 3716 659 3785 σδν
673 3714 765 3804 ἔργον
779 3716 947 3809 εστίν)“’
931 3745 968 3786 εκ
984 3716 1094 3810 κώλων
1114 3724 1291 3808 τροχαὶκῶν

181 3817 217 3903 ι’,
238 3847 281 3886 ων
302 3821 407 3907 τάφ’,
436 3817 547 3903 ς”,θ
570 3818 703 3910 δίμετρα
726 3818 957 3911 καταληκτικαί,
986 3820 1060 3912 ἤτοι
1082 3819 1290 3913 εφδημιμερῆ

180 3915 371 4009 Εὐριπίδεια
378 3976 387 4006 ,
414 3925 455 3990 τδι
478 3924 515 3992 δέ
536 3925 640 3997 λοιπδι
666 3920 885 4015 ἅκανάληκτα·
912 3926 998 4017 πλὴν
1022 3933 1078 3995 τοῦ
1107 3925 1288 3995 τελευταίου

270 4136 285 4188 1
304 4135 377 4201 Quae
394 4136 522 4206 leguntux
545 4137 617 4206 apud
636 4137 792 4192 Diibnerum
808 4139 872 4206 post
888 4136 1073 4214 παράγραφας
1090 4138 1129 4194 αδ
1144 4143 1287 4196 metrorum

181 4219 430 4290 interpretationem
450 4239 504 4278 non
522 4226 686 4292 pertinentia
705 4240 792 4279 errore
810 4223 915 4279 librarii
933 4225 1094 4294 interposita
1113 4230 1185 4282 sun&
