2746 4710
1193 266 1245 325 109

128 422 280 507 στιχικαί.
324 447 425 512 neque
445 427 549 492 minus
572 420 728 513 περίοδος
750 426 926 511 appellatur
943 427 1043 493 omnis
1059 427 1235 492 tetramet’

126 530 258 598 medum
286 533 436 597 excedens
472 550 598 610 versus,
632 531 786 616 imprimis
823 533 1059 616 anapaesticum
1090 534 1239 616 systema,

128 636 212 722 qued
234 636 349 721 ubique
371 636 482 701 feritur
501 655 556 720 per
578 636 737 720 syzygias,
760 636 866 701 addite
890 635 1088 720 dipodiarum
1109 634 1241 700 010010-

127 761 200 806 rum
229 758 360 806 numero
391 737 597 825 (deadprecpeg
627 737 834 816 merrdareleg
865 739 903 804 ef.
934 738 1030 804 sehol.
1054 739 1148 821 equit.
1168 745 1242 816 498,

128 851 214 924 824,
237 845 335 909 schol.
351 864 418 928 pae.
436 849 487 920 82,
506 849 586 921 154,
605 850 683 922 974,
708 849 791 907 1320
808 845 840 909 01
854 843 990 909 Acharn.
1009 850 1103 908 1143.
1133 843 1243 908 deinde

127 949 355 1031 hypermetron
375 948 561 1031 paeonicum
577 947 616 1011 of.
633 947 729 1011 sohel.
750 966 797 1030 eq.
812 955 884 1026 382,
908 943 1062 1034 περίοδος
1077 949 1135 1011 τοῦ
1147 951 1244 1032 χοροῦ
1280 969 1287 983 ·

130 1048 294 1137 narremur)
330 1045 529 1127 1000000100.
574 1069 674 1133 neque
706 1051 810 1115 miuus
845 1049 955 1116 eodem
989 1053 1114 1117 nomine
1144 1052 1245 1117 utitur

130 1175 281 1221 numerus
304 1155 445 1221 colorum
466 1156 698 1220 trechaieorum
721 1155 759 1220 ef.
784 1155 881 1239 schol.
902 1176 969 1239 pac.
985 1164 1064 1234 472,
1094 1157 1245 1223 iambico·

130 1279 204 1324 rum
223 1259 333 1343 (schel.
351 1261 430 1326 Aeh.
449 1261 534 1342 946).
570 1259 651 1324 1000
676 1261 714 1324 ob
731 1279 859 1325 causam
874 1261 981 1339 verba,
1004 1280 1081 1343 quae
1097 1261 1245 1345 leguntur

129 1365 181 1428 his
202 1364 236 1428 in
252 1364 378 1429 scholiis
402 1359 585 1448 ,περίοδος
607 1366 665 1426 ced
686 1349 810 1449 χόροῦα
832 1364 1150 1446 (0111011010001101.
1168 1365 1244 1449 358)

130 1487 195 1533 non
214 1467 256 1551 ad
286 1469 389 1533 totum
413 1487 540 1532 carmen
563 1468 722 1532 ehericum
751 1470 825 1533 sunt
851 1468 1030 1547 referenda,
1057 1469 1119 1534 nisi
1138 1488 1245 1535 omnes

131 1591 258 1651 versus,
283 1572 394 1655 quibus
416 1571 579 1648 subsistit,
602 1571 742 1636 eiusdem
764 1576 838 1637 sunt
860 1574 963 1638 metri.
995 1576 1123 1657 apparet
1137 1574 1245 1658 igitur,

130 1671 287 1762 περίοδον
310 1675 486 1760 siguificare
508 1695 657 1741 versuum
680 1697 845 1742 numerum
861 1678 1001 1743 eiusdem
1019 1679 1121 1744 metri.
1156 1679 1244 1745 euius

129 1780 178 1845 rei
200 1781 423 1865 gravissimum
446 1782 623 1865 exemplum
646 1783 747 1846 exstat
769 1782 802 1846 in
825 1783 922 1847 schol.
938 1783 1075 1848 Acharn.
1095 1790 1169 1860 489,
1191 1783 1245 1850 ubi

131 1904 258 1950 carmen
283 1886 458 1963 eboricum,
481 1887 516 1949 in
536 1905 596 1968 quo
621 1885 680 1950 due
703 1886 830 1951 iambici
852 1887 990 1952 trimetri
1005 1888 1085 1953 binis
1102 1887 1244 1952 dimetris

132 1987 324 2055 dochmiacis
352 1989 570 2067 includuntur,
608 1991 673 2053 ires
701 1990 735 2053 in
756 1989 900 2072 periodos
924 1989 1123 2055 distribuitur
1173 2010 1245 2057 eum

113 2092 279 2176 ¹periodus
321 2095 454 2159 metrica
500 2094 596 2160 variis
642 2096 789 2160 constans
832 2095 973 2160 versibus
1021 2093 1245 2183 ,0000000111

131 2196 258 2262 dicatur
277 2199 315 2263 ef.
337 2198 433 2263 sehol.
456 2197 593 2263 Acham.
612 2205 673 2262 263
697 2201 728 2264 et
747 2219 814 2283 pac.
831 2205 905 2263 485.

220 2302 363 2386 Denique
394 2297 603 2387 „naploeoff
630 2303 807 2387 appellatur
837 2323 946 2369 versus
975 2304 1177 2388 prosodiacus
1206 2304 1245 2369 01.

132 2407 231 2472 schol.
253 2426 322 2490 pac.
340 2412 420 2485 775,
444 2404 646 2492 προσοδιακὴ
670 2402 824 2492 περίοδος
846 2402 1060 2494 ἑνδεκάσημος
1073 2402 1094 2496 ἢ
1109 2405 1246 2473 δωδεκά-

133 2529 235 2596 σημος
256 2512 288 2575 01
310 2511 405 2576 schol.
429 2511 500 2575 nub.
517 2517 591 2574 456.

222 2615 356 2680 Etiamsi
377 2614 470 2679 huius
493 2615 581 2680 verbi
601 2614 892 2697 frequentissimum
914 2636 950 2681 ae
966 2617 1090 2682 varium
1104 2617 1247 2684 videmus

132 2737 241 2797 usum,
264 2722 371 2783 tamen
392 2737 548 2801 nusquam
568 2718 775 2784 iambieorum
796 2719 1011 2784 trimetrerum
1033 2723 1088 2785 aut
1108 2721 1247 2786 trochai-

135 2842 244 2889 eorum
266 2842 396 2888 numero
420 2841 535 2887 nomen
555 2823 728 2905 imponitur
750 2817 964 2908 „caelebem
989 2827 1025 2889 ut
1040 2823 1123 2908 apud
1137 2843 1247 2889 reeen-

134 2929 231 2993 tieres
254 2927 440 2992 scholiastae
463 2927 502 2991 01.
526 2926 622 2991 schel.
655 2947 703 2992 av.
721 2932 800 3004 959,
831 2933 910 3005 992,
939 2927 1001 2992 nisi
1022 2928 1119 2992 iidem
1139 2932 1246 3012 partes

134 3034 210 3097 sunt
231 3032 330 3119 tetius
354 3032 501 3098 carminis
522 3033 610 3097 velut
631 3033 665 3095 in
681 3031 778 3096 schol.
794 3029 931 3096 Acharn.
946 3037 1008 3096 263
1031 3034 1062 3097 01
1076 3053 1143 3117 pae.
1162 3040 1245 3099 1127

135 3132 402 3223 (ἑπιρρηματικῆς
425 3131 595 3220 συζυγίας).

223 3239 334 3306 Cetera
357 3241 511 3319 earmina,
536 3259 614 3323 quae
638 3260 739 3323 neque
762 3241 808 3306 ita
830 3244 904 3306 sunt
930 3243 1118 3326 composita,
1148 3246 1184 3308 01
1213 3244 1247 3309 in

134 3364 225 3427 pares
246 3344 391 3429 periodos
412 3345 535 3429 possint
560 3343 674 3422 dividi,
714 3365 814 3429 neque
836 3346 897 3424 110,
936 3349 972 3411 01
991 3346 1131 3412 eiusdem
1152 3347 1248 3412 metri

135 3448 336 3532 celerumque
359 3450 509 3514 similium
530 3449 669 3514 efficiant
690 3449 868 3533 periodum,
892 3451 1089 3534 appellantur
1108 3435 1248 3537 ,palp‘

135 3554 288 3619 01001101.
306 3572 352 3636 eq.
370 3561 447 3630 911,
475 3562 576 3633 1111,
599 3553 695 3622 schel.
717 3573 785 3638 pae.
803 3561 882 3631 336,
906 3559 987 3633 571,
1013 3561 1085 3619 651.

222 3659 267 3722 111
286 3658 350 3722 iam
371 3677 470 3739 usque
494 3657 534 3723 ad
553 3658 637 3723 hune
652 3658 757 3724 loeum
770 3657 921 3723 nonnulla
936 3659 1026 3725 nobis
1042 3661 1247 3724 occurrerunt

135 3760 310 3845 singularia
332 3763 402 3827 010
423 3761 634 3827 recentiorum
657 3761 901 3827 scholiastarum
922 3763 1044 3828 ratione
1068 3762 1247 3847 discrepan-

134 3866 197 3943 tia,
228 3866 273 3930 sic
300 3867 332 3930 01
359 3866 392 3930 in
416 3865 486 3932 aliis
507 3867 601 3932 rebus
623 3868 714 3932 vetus
745 3866 914 3931 scholiasta
937 3868 1062 3952 vulgari
1084 3866 1248 3932 edicendi

135 3990 196 4035 usu
216 3970 346 4053 paulum
370 3970 497 4035 recedit.
543 3971 689 4055 queniam
710 3971 828 4036 schoha
848 3973 957 4036 vetera
978 3973 1150 4055 posteriore
1166 3977 1247 4039 tem·

135 4093 210 4158 pore
243 4092 306 4139 non
334 4074 426 4138 mede
450 4074 704 4141 describebantur
735 4073 789 4140 sed
822 4075 919 4139 etiam
940 4077 1192 4143 retractabantur
1216 4079 1249 4142 et

135 4178 358 4256 mutabantur,
395 4178 593 4262 grammatici
617 4181 741 4258 autern,
781 4179 834 4262 qui
863 4180 924 4244 arti
946 4181 1096 4247 metricae
1121 4200 1248 4266 operam

138 4281 271 4360 dabant,
301 4282 442 4365 plerique
472 4283 738 4366 Hephaestionem
772 4284 849 4349 artis
878 4285 1028 4351 metricae
1057 4287 1256 4368 magistrum
1325 4328 1344 4435 j
