2746 4710
517 275 624 338 Scholia
640 275 669 331 in
686 274 779 330 nubes.
1164 278 1200 334 35

91 432 130 501 τὸ
152 429 319 528 ἑνδέκατον
340 430 454 517 ὅμοιον
477 436 525 519 τῷ
546 428 638 519 ἕκτῳ.
666 431 704 500 τδ
730 431 910 500 δωδέκατον
930 429 1099 518 τροχαϊκδν
1121 457 1199 500 πεν-

93 537 280 627 θημιμερές.
306 535 345 605 τδ
365 535 630 624 τρισκαιδέκατον
652 528 872 624 άναπαιστικὴ
894 531 1000 621 βάσις.
1026 535 1065 605 τὸ
1087 559 1200 605 τεσσα-
1286 553 1289 559 ”

93 640 344 728 ρεσκαιδέκατον
364 639 477 724 ὅμοιον
496 645 543 726 τῷ
564 635 675 726 ἐνάτῳ.
711 638 750 705 τὸ
771 637 1059 707 πεντεκαιδέκατον
1084 641 1202 707 δακτυ-

92 744 184 814 λικδν
206 741 445 833 ἐφθημιμερές,
469 735 489 811 δ
501 737 711 826 Ἀλκμάνειον
736 744 890 810 καλεῖται.
912 740 956 811 τδ.
974 738 1202 812 ἑκκαιδέκατον

93 849 206 934 ὅμοιον
225 856 273 937 τῷ
294 844 447 935 τετάρτῳ.
468 847 506 915 τὸ
530 844 808 915 ἑπτακαιδέκατον
828 844 943 932 ὅμοιον
963 853 1009 936 τῷ
1032 845 1138 938 τρίτῳ.
1164 847 1202 919 τδ

94 947 371 1023 ὀκτωκαιδέκατον
408 950 522 1036 ὅμοιον
556 957 603 1039 τῷ
639 945 748 1039 ἐνάτῳ.
785 949 823 1019 τδ
855 949 1146 1037 ἐννεακαιδέκατον,
1185 944 1204 1022 δ

94 1055 331 1147 παρατέλεοτον
365 1050 574 1141 ὀνομάζεται,
620 1055 791 1144 δακτυλικὴ
833 1051 938 1142 βάσις.
984 1055 1022 1126 τὸ
1056 1055 1203 1125 εἰκοστὸν

93 1157 207 1246 δμοιον
226 1166 274 1249 τῷ
300 1160 610 1247 πεντεκαιδεκάτῳ]

180 1274 375 1335 476-509.
421 1256 501 1350 [ἀλλ’
526 1261 681 1353 ἐνχείρειι
708 1260 785 1328 1Ἐν
807 1261 938 1332 ἐκθέσει
961 1260 1104 1348 δίστιχον
1125 1264 1203 1334 άνα-

93 1370 268 1439 παιστικδν
291 1367 503 1459 τετράμετρον
520 1367 759 1458 καταληκτικόν.
789 1365 931 1434 είοίθασι
957 1369 1120 1456 χάρματα
1143 1371 1202 1451 τὰς

84 1470 243 1555 τοιαύτας
263 1473 436 1563 περιόδους
466 1468 601 1561 ἐπάγειν
628 1468 781 1554 δίστιχον.
816 1469 875 1539 ἐπὶ
895 1475 943 1560 τῷ
961 1471 1048 1541 τέλει
1067 1477 1125 1564 τῆς
1145 1474 1203 1560 μὲν
1237 1536 1240 1541 .

90 1571 301 1658 ἐπεκθέσεως
333 1578 389 1645 δύο
424 1573 575 1668 συνήθως
605 1578 723 1644 διπλαῖ
754 1573 817 1656 ἐξω
850 1581 1038 1662 νενευκυῖαι,
1074 1583 1132 1668 τῆς
1166 1577 1203 1657 δὲ

91 1680 251 1765 διοτιχίας
280 1681 506 1771 παράχραφος.
541 1683 689 1748 καλεῖται
710 1679 747 1747 δέ
775 1686 877 1748 ταῦτα
905 1677 1201 1770 πολυσχημάτιστα,

91 1785 203 1853 διὰτὸ
225 1780 369 1874 διάφορα
395 1784 551 1866 δέχεσθαι
570 1779 682 1872 μέτρα.
719 1783 760 1848 τὰ
783 1785 803 1850 δ
809 1777 819 1804 ³
848 1785 964 1876 ἐφεξῆς
986 1781 1042 1871 λβ’
1065 1783 1204 1873 ίαμβικά

91 1885 171 1953 εἰσιν
191 1881 393 1976 άκατοίληκτα
413 1883 581 1975 τρίμετρα·
604 1877 648 1952 ὧν
671 1888 853 1955 τελευταῖον

297 2005 397 2084 χώρει,
416 2013 445 2061 τί
462 2005 606 2071 κυπτάζεις
623 2009 696 2078 ἔχων
714 2011 780 2082 περὶ
797 2006 847 2076 τὴν
865 2007 970 2084 θύραν;

92 2107 151 2177 ἐπὶ
173 2116 221 2197 τῳ
241 2107 327 2177 τέλει
349 2106 508 2198 κορωνίς]

181 2236 378 2298 510-517.
434 2226 521 2318 [dit
551 2225 607 2296 ’ίθι
626 2227 771 2316 χαίρωνε
811 2234 941 2297 2Τοῦτο
973 2231 1029 2299 διδ
1050 2232 1088 2300 τὸ
1112 2228 1203 2299 εἰσά-

90 2341 212 2422 γεσθαι
232 2336 288 2402 τδν
307 2328 411 2424 χορόν,
435 2328 586 2414 ἐξιόντων
600 2340 666 2414 τῶν
681 2331 871 2424 ὑποκριτῶν,
894 2326 1085 2419 ὀνομάζεται
1100 2361 1203 2426 κορω-

90 2436 150 2519 νίς,
181 2440 236 2506 διδ
260 2438 296 2506 δέ
319 2437 358 2506 τδ
381 2435 612 2526 προτίθεσθαι
631 2442 689 2527 τῆς
710 2434 931 2528 παραβάσεως
950 2439 1032 2505 κατὰ
1053 2438 1091 2509 τδ
1111 2437 1201 2526 ἐθος,

91 2537 280 2629 ὀνομάζεται
301 2538 495 2628 κομμάτιον,
522 2536 632 2609 κοίλων
651 2534 746 2609 δκτοί.
771 2535 813 2609 ὧν
834 2541 872 2611 τὸ
895 2542 954 2627 μέν
977 2550 1113 2633 πρῶτονΙ
1129 2541 1203 2612 άνα-

91 2645 267 2716 παιστικδν
298 2644 449 2737 δίμοιρον
488 2641 725 2737 άκατάίῳιτον,
761 2644 781 2735 ἢ
808 2647 1021 2735 χοριαμβικδν
1053 2646 1203 2738 δίμοιρον

91 2746 373 2842 δπερκατάληκτον
393 2749 605 2838 ἐπιμιχμένον
633 2747 840 2838 δισπονδείῳ.
876 2751 915 2818 τδ
945 2751 1093 2841 δεύτερον
1122 2749 1202 2818 ἄνα-

93 2855 270 2923 παιστικδν
287 2853 491 2944 μονόμετρον.
512 2854 550 2924 τδ
572 2851 682 2944 τρίτον
702 2852 760 2920 καὶ
781 2853 819 2921 τὸ
842 2850 915 2943 ἑξῆς
936 2853 993 2921 καὶ
1012 2854 1051 2922 τὸ
1067 2852 1204 2940 ἕβδομον

93 2959 151 3027 καί
177 2957 234 3027 3τὸ
255 2951 322 3044 μετ’
338 2951 417 3028 αάτδ
434 2958 630 3049 χοριαμβικδι
649 2954 784 3046 δίμετρα
799 2959 1018 3046 καταίηκτικδι
1034 2957 1082 3039 εἰς
1100 2956 1203 3049 ἀμφί-

92 3071 210 3153 βραχον
231 3059 465 3153 περαιούμενα,
489 3060 687 3153 ἤβακχεῖον,
712 3060 768 3129 διδ
788 3061 827 3129 τὸ
842 3061 1033 3153 ἀδιάφορον,
1053 3055 1204 3151 Ἀριστο-

93 3168 208 3258 φάνεια
223 3167 279 3236 καὶ
294 3164 376 3235 αὐτὰ
390 3163 583 3253 καλούμενα,
603 3168 641 3235 τδ
659 3165 813 3251 πέμπτον
824 3166 1038 3256 χοριαμβικδν
1053 3165 1203 3258 δίμοιρον
1215 3204 1219 3209 ·

93 3271 318 3362 άκατάίηκτον.
349 3270 388 3341 τδ
415 3268 510 3340 δκτον
542 3264 611 3341 άπὸ
633 3269 787 3362 ἰαμβικῆς
808 3270 935 3358 βάσεως
961 3269 1008 3352 εἰς
1032 3279 1204 3362 χοριαμβι-

93 3377 150 3468 κίχν
173 3375 515 3468 δπερκατάλνχκτον.]]4
864 3383 866 3386 ’

183 3609 199 3662 1
217 3605 315 3661 Totum
331 3604 462 3660 scholium
480 3617 532 3657 om.
552 3599 584 3655 G.
619 3600 707 3656 Verba
726 3598 891 3657 εἰώθασι-
907 3603 1036 3672 δίστιχον
1054 3603 1202 3658 suntvete-

93 3693 132 3748 ris
149 3692 306 3762 interpretis
322 3689 462 3746 Heliodori
479 3689 531 3745 etsi
548 3689 654 3743 mutata
673 3688 706 3743 cf.
724 3692 922 3766 κωλομετρίαν.
1008 3690 1026 3743 2
1047 3694 1135 3743 Τοῦτο
1155 3688 1202 3744 διὰ

94 3778 125 3833 τὸ
146 3777 311 3849 εἰσάγεσθαι
329 3809 364 3818 -
381 3784 503 3852 κορωνίς.
534 3776 577 3832 his
596 3774 686 3831 verbis
704 3775 850 3832 scholiasta
865 3779 968 3832 temere
986 3775 1102 3846 explicat
1121 3776 1204 3833 verba

93 3864 248 3931 Heliodori,
274 3880 342 3935 quae
357 3864 424 3920 haec
442 3865 552 3920 fuerunt
570 3863 628 3918 sine
648 3861 743 3918 dubio:
780 3867 927 3937 Κορωνίς,
960 3862 1127 3926 ἐξελθόντων
1149 3869 1204 3919 τῶν

95 3949 253 4022 ὑποκριτῶν
271 3950 286 4004 ὁ
300 3950 390 4023 χορὸς
406 3972 429 4004 κ.
445 3970 468 4004 τ.
486 3954 526 4019 λ.,
556 3951 642 4005 totam
659 3949 799 4019 periodum
819 3949 998 4021 (κομμάτιον)
1016 3952 1205 4025 ,,κορωνίδα“

95 4038 227 4106 appellari
245 4037 378 4106 opinatus.
449 4040 467 4093 3
484 4036 514 4090 τὸ
535 4035 640 4091 addidit
658 4037 836 4092 Hermannus.
935 4036 954 4090 4
969 4034 1048 4091 Alius
1067 4053 1202 4107 gramma-

94 4125 144 4178 tici
163 4125 302 4180 annotatio
321 4125 410 4179 exstat
428 4123 457 4178 in
474 4123 559 4194 Regio
578 4123 657 4179 haec:
679 4118 729 4202 {rb
749 4121 956 4196 ουστιχματικδν
975 4123 1042 4178 τόδε
1061 4122 1204 4180 inunitam

96 4217 259 4266 συνίσταται
277 4209 311 4280 η’.
331 4211 361 4266 τὸ
375 4209 400 4265 α’
410 4210 601 4287 χοριαμβικδν
618 4211 749 4283 δίμιτρον
760 4210 790 4264 ἐκ
799 4207 974 4284 χοριιίμβου,
992 4212 1144 4266 σπονδείου
1156 4213 1204 4264 καὶ

96 4297 290 4370 άμῳιμάκροο.
317 4298 348 4352 τὸ
366 4297 391 4367 μ’
411 4297 580 4353 δακτυλικδν
596 4295 782 4371 μονόμετρον.
812 4295 843 4351 τὸ
862 4295 889 4367 γ’
906 4296 1098 4372 χοριαμβικδν
1114 4294 1204 4369 μονό-
1255 4308 1312 4432 1

953 4384 995 4450 3*
