2746 4710
124 217 159 271 40
544 216 651 272 Scholia
669 217 698 272 in
716 217 810 274 nubas.

124 367 274 452 εἶσθεσις
299 377 357 462 τῆς
381 374 499 463 διπλῆς
526 371 563 440 ἐκ
587 371 702 458 στίχων
731 371 890 461 ἲοιμβικῶν
912 371 1097 465 τριμέτρων
1117 366 1248 443 ἄκατο-

124 471 246 565 λὴκτων
264 476 322 563 ογ’,
345 470 389 544 ὧν
411 481 592 559 τελευταῖος

368 603 431 654 οίαν
449 601 530 668 δίκην
548 606 605 662 τοῖς
623 599 719 676 κόρεσι
738 601 819 656 διόσω
839 600 966 676 τήμερον.

102 692 106 699 ’
125 699 184 768 ἐπὶ
204 706 251 790 τῷ
271 699 363 768 τέλιι-
377 703 478 792 διπλῆ
501 698 564 785 ἔξω
583 699 753 772 νενευκυῖα.
765 706 803 792 ¹]]

212 975 226 1030 Ι
250 974 293 1030 Ao
310 973 483 1046 versum651
504 973 533 1029 in
550 974 627 1029 ΒΝ.
650 976 763 1046 legitur:
800 976 861 1042 είδη
887 968 1070 1050 μέτρωνόἷς
1087 977 1244 1050 καλᾍρχί-

125 1067 208 1133 λοχος
224 1065 350 1133 κέχρηται
368 1062 397 1114 ἐν
415 1064 572 1134 τριμέτροις
591 1065 638 1140 καὶ
655 1066 861 1135 τετραμέτροις.
891 1061 926 1118 ad
942 1061 1058 1117 eundem
1075 1076 1193 1117 versum
1211 1063 1244 1117 ab

125 1149 179 1204 alie
197 1148 341 1203 scholiasta
361 1148 427 1202 haec
450 1148 618 1203 annotatum.
645 1146 847 1204 κατενόπλιονι
868 1149 953 1209 Είδος
973 1142 1087 1224 ῥυθμοί
1116 1147 1193 1224 πρὸς
1212 1149 1244 1204 ὃν
1257 1172 1279 1208 ,·

125 1235 264 1310 ὠρχοῦντο
282 1241 401 1294 σείοντες
419 1233 454 1287 τὰ
472 1230 554 1287 ὅπλα.
582 1232 685 1294 Ἄλλως.
702 1231 843 1302 ἐνόπλιον,
861 1234 912 1309 τόν
928 1233 1129 1309 οἷμφίμακρον,
1151 1234 1184 1295 δς
1197 1238 1244 1290 καλ

125 1318 295 1396 Κουρητικδς
315 1322 438 1374 καλεῖται
457 1316 513 1372 666
532 1323 600 1371 *τοῦ
620 1317 654 1373 τδι
673 1323 711 1378 είς
727 1318 793 1379 τοὺς
818 1318 986 1395 ι)-Κοὺρητας
1002 1323 1072 1390 μέλη
1088 1318 1188 1391 τούτῳ
1207 1327 1243 1391 τῷ

124 1412 213 1480 μέτρῳ
245 1410 404 1481 κεχρῆσθαι.
451 1404 574 1474 (Ἄλλως.
611 1406 800 1479 ἀριθμητικὸν
828 1407 845 1474 ἡ
875 1403 1073 1479 γεωμετρικόν.Ι
1114 1407 1180 1462 ἔστι
1212 1407 1243 1461 δὲ

124 1495 256 1567 οῥυθμοῦ
276 1496 323 1546 καὶ
340 1492 494 1566 κρούματος
513 1491 586 1551 εἶδος
603 1490 633 1545 τὸ
654 1492 722 1545 κατὰ
748 1491 898 1558 δάκτυλον,
925 1483 948 1563 ᾧ
959 1497 1087 1564 χρῶνται
1106 1494 1243 1562 οίάὐλη-

124 1583 171 1634 ταὶ
192 1579 249 1650 πρὸ
272 1582 321 1633 τοῦ
342 1575 450 1648 νόμου.)
479 1608 529 1640 -,
551 1576 566 1633 6
586 1577 654 1637 κατὰ
678 1574 833 1647 δάκτυλον,
864 1576 974 1654 ῥυθμός
997 1580 1074 1633 ἐστιν
1097 1578 1115 1632 ὁ
1140 1581 1171 1634 ἐν
1192 1585 1243 1651 ἴσῳ

36 1677 38 1681 “
124 1663 205 1737 λόγῳ.
223 1664 238 1718 6
257 1666 288 1719 δὲ
306 1661 433 1723 ἐνόπλιος
451 1668 497 1717 καὶ
515 1663 724 1738 ἀπροσοδιακὸς
741 1664 892 1735 λεγόμενος
908 1663 963 1719 ὑπό
982 1683 1069 1721 τινων
1090 1664 1241 1736 ου’γκειται

14 1797 18 1805 .
126 1753 157 1806 ἐκ
175 1752 324 1806 σπονδείου
344 1754 390 1805 καὶ
408 1757 563 1826 πυρριχίου
583 1754 633 1804 καὶ·
647 1758 782 1825 τροχαίου
799 1755 846 1805 καὶ
864 1750 978 1823 ίάμβου.
999 1757 1200 1822 συνεμπίπτει
1212 1753 1242 1808 δὲ

17 1853 19 1858 ’
68 1836 70 1840 ”
125 1829 205 1900 οἶτος
227 1833 292 1906 ’ἡτοι
319 1839 473 1911 θτριποδίιχ
494 1837 693 1912 ἀναπαιστικὴ,
717 1835 852 1906 ἡβόσεσι
872 1840 967 1904 δυσίν,
994 1835 1105 1913 Ἰωνικῇ
1124 1843 1176 1893 καὶ
1190 1859 1242 1910 χο-

47 1933 51 1942 '
125 1929 265 2000 ριαμβικὴ.
353 1923 444 1978 6666
463 1922 561 1977 τούτου
579 1929 618 1983 είς
634 1925 665 1978 R.
736 1925 915 1998 λιΚουρὴτας
926 1924 1153 1999 V.·K6666;'G.,'
1170 1925 1242 1997 qnod

124 2012 212 2068 Dnbn.
231 2009 333 2066 emend.
404 2027 424 2072 ο,
437 2010 495 2064 ἔστι
514 2009 865 2085 666669R.,quodDs1bn.
885 2027 951 2066 corr.
1011 2011 1243 2082 ᾱπροςωδιακὸς

125 2095 155 2153 R.
171 2099 203 2154 V.
227 2097 242 2152 6
263 2101 309 2151 καὶ
326 2085 441 2172 προσοδ.
460 2097 638 2152 Hermannus.
711 2087 821 2157 θοῦτος
839 2099 871 2154 ἓν
889 2102 921 2172 τῇ
939 2115 1014 2169 τριπ.
1033 2097 1065 2150 R.
1079 2097 1114 2150 V.
1142 2100 1286 2172 infimas,

124 2186 157 2241 V.
181 2189 296 2259 ιυμβικῇ
313 2187 360 2237 καὶ
378 2188 491 2259 χορικῇ,
510 2184 581 2254 quod
599 2182 689 2264 Dilbn.
710 2183 814 2239 emend.
833 2214 867 2223 -
917 2183 1006 2239 Codex
1024 2183 1145 2239 Taurinz
1167 2187 1241 2240 ’Κατ’

125 2272 258 2331 ἐνόπλιον
277 2270 386 2346 ῥυθμὸς
413 2277 510 2340 στίχος
532 2270 566 2337 ἡν
583 2272 766 2344 συγκέίμενος
788 2271 818 2324 ἐκ
839 2269 890 2323 δύο
915 2268 1057 2324 δακτύλων
1077 2276 1128 2325 καὶ
1150 2288 1240 2329 σπον-

126 2360 217 2422 δείου,
247 2356 263 2410 6
285 2362 392 2430 μέτρον
413 2359 464 2426 1καὶ
489 2357 677 2430 πυρριχυίκὸν
705 2358 812 2427 ἐλέγετο
841 2355 898 2409 666
916 2354 1030 2432 Πύρρου
1059 2357 1145 2420 τινὸς
1170 2357 1242 2414 οὕτω

31 2466 36 2474 ·
125 2447 232 2512 κληθέν.
251 2444 348 2512 ἔλεγον
367 2442 398 2496 δὲ
419 2447 499 2495 τοῦτο
518 2441 570 2495 σὺν
586 2442 683 2504 ὅπλοις
703 2441 865 2515 κινούμενοι
887 2471 920 2482 -
948 2434 1044 2502 Ἄλλως
1064 2473 1098 2483 -
1114 2465 1241 2522 gotnay.

125 2534 195 2599 βικὴ.
232 2527 337 2583 inAld.
355 2529 415 2583 ἔστι
434 2528 464 2582 δὲ
482 2526 497 2580 6
517 2529 546 2583 ἐν
563 2528 693 2600 ἡμιολίῳ·
722 2528 812 2605 ἡγὰρ
830 2528 924 2632 μακρὰ
942 2527 1012 2605 πρὸς
1029 2529 1079 2589 τδς
1097 2529 1155 2586 δύο
1173 2541 1264 2607 βρα-·
1307 2548 1309 2579 ³

51 2653 54 2658 -
122 2620 203 2686 χείοις
230 2613 295 2670 ἶσόν
321 2635 348 2667 τι
378 2615 436 2684 ἔχει
464 2612 575 2689 ῥυθμὸν
593 2616 624 2669 ἐκ
645 2617 793 2725 τριποδίας
823 2612 1041 2681 ἀναπαιστικόν,
1073 2615 1102 2674 66
1130 2619 1244 2724 δέχετρι

89 2777 91 2781 Ι
124 2701 231 2762 πάντας
248 2700 311 2762 τοὺς
329 2700 513 2780 δισυλλάβους
530 2698 627 2785 πόδας.
649 2706 676 2756 οἱ
696 2704 727 2757 δὲ
746 2700 893 2768 ἐνόπλιον,
912 2701 961 2756 τὸν
982 2701 1195 2779 ἀμφίμακρον,
1216 2703 1245 2766 ὃς

125 2794 172 2846 καὶ
183 2782 327 2865 Κρητικὸς
345 2787 503 2842 καλεῖται’
488 2785 544 2841 απὸ
564 2793 616 2841 τοῦ
631 2793 671 2849 εἰς
688 2784 751 2848 τοὺς
767 2787 913 2862 Κούρητας
931 2786 1116 2861 ἀναγομένου
1132 2778 1244 2864 μέλσυςΙ
1263 2842 1267 2849 .

125 2877 213 2955 τούτῳ
241 2876 295 2951 γὰρ
317 2880 355 2944 τῷ
381 2877 474 2946 μέτρῳ
496 2879 716 2978 προσωρχοῦντο
746 2878 866 2932 σείοντες
892 2871 926 2927 τὰ
944 2872 1026 2947 ὅπλα.
1063 2878 1195 2932 καλεῖται
1213 2879 1245 2933 δὲ

125 2947 260 3020 ἐνόπλιον
269 2982 338 3016 κατα
328 2951 536 3024 '‘odmvoov,
513 2965 663 3032 ῳχρῶνται
678 2959 747 3029 ζήτει
760 2968 840 3020 τίνες
854 2965 919 3019 ἴσως
931 2961 962 3014 δὲ
971 2942 1098 3014 λείπει
1070 2981 1101 3016 το
1118 2967 1149 3017 οἱ
1159 2963 1245 3033 αὐλη-

125 3057 180 3106 ταί.
198 3051 261 3105 fort
269 3050 420 3116 ζητεῖται,
427 3044 525 3105 τινίςέ(
543 3047 594 3102 hoc
606 3049 652 3117 qui
664 3046 812 3116 scripsitin
822 3047 910 3103 codice
923 3063 970 3102 suo
979 3050 1042 3117 post
1049 3054 1179 3123 χρῶνται
1192 3051 1250 3106 ali
1258 3083 1261 3089 -

131 3139 198 3209 quot
209 3133 374 3207 syllabarum
384 3135 509 3190 lacunam
516 3133 634 3199 invenit,
654 3151 734 3205 quam
746 3135 826 3191 Dind.
836 3151 871 3191 ex
879 3135 913 3188 V.
924 3133 1041 3203 explevit
1052 3135 1125 3190 κατὰ
1140 3135 1247 3192 δάκτυ-

126 3228 189 3279 λοντ
215 3218 400 3308 ἀριθμητικὸν
424 3221 483 3274 ἐστι
506 3224 616 3294 μέτρον.
643 3222 748 3276 ἔστιδὲ
766 3223 877 3294 ῥυθμὸς
896 3219 1054 3322 κρούματος
1076 3221 1156 3282 ειδος
1174 3223 1245 3278 κατὰ

126 3308 269 3374 δάκτυλον,
283 3328 304 3361 ω
289 3310 480 3379 χρωνταιο
497 3307 622 3374 αὐληταί.
645 3305 743 3361 ὁκατδ
758 3306 894 3361 δάκτυλον
908 3304 1018 3382 ρυδμος
1030 3306 1137 3361 λστινο
1151 3309 1183 3362 ἐν
1192 3313 1248 3380 ἴσῳ

126 3396 222 3470 λόγος’·
234 3418 249 3450 ο
242 3395 295 3450 ιδὲ’
306 3391 446 3459 ἐνόπλιος,
460 3388 508 3447 καί
519 3391 717 3532 προσιρδιυκός
729 3392 923 3463 καλούμενος“
909 3391 964 3448 υπό
978 3410 1075 3456 τινων,
1093 3389 1247 3463 σύγκειται

125 3485 319 3542 ἐκσπονδείου
337 3484 384 3534 καλ
401 3485 549 3584 πυρριχίου
568 3483 616 3552 καί
634 3487 764 3555 τροχαίου
783 3485 829 3534 καὶ
851 3479 962 3552 ἰάμβου.
998 3486 1192 3550 συνεμπίπτει
1214 3484 1247 3539 δὲ

125 3593 203 3633 ουτος
224 3570 285 3640 ἤτοι
304 3565 474 3643 τριποδία’
459 3573 663 3641 αναπαιστικῇ,
695 3565 829 3635 ἡβόσεοι
853 3568 951 3632 δυσίν,
983 3566 1176 3642 ολναπαιστικῇ
1196 3573 1248 3623 καὶ

123 3659 238 3734 Ἰωνικῇ.
275 3653 427 3713 emendavit
445 3654 526 3708 exR.
546 3652 578 3706 V.
599 3654 681 3709 Dind
717 3652 751 3709 ad
775 3653 824 3708 illa
849 3653 943 3708 scholii
959 3652 1052 3706 Aldini
1076 3652 1200 3708 verba
1185 3672 1247 3709 εστι

56 3793 59 3799 .
114 3748 189 3801 el
176 3769 191 3800 ο
208 3746 238 3801 ὲν
256 3745 376 3818 ἡμιολίῳ
395 3741 461 3796 haec
479 3741 624 3796 annotavit
640 3741 825 3796 Hermannus:
844 3739 1022 3806 „hemiolium
1039 3738 1107 3793 dicit
1124 3742 1247 3798 etribns
1308 3791 1309 3795 ,

128 3832 240 3904 pedibus
259 3831 440 3894 constantem,
461 3831 605 3898 propterea
623 3830 694 3898 quod
712 3829 770 3884 bini
787 3827 869 3896 pedes
887 3827 1022 3897 dipodiam
1038 3830 1246 3896 anapaesticam

127 3919 254 3975 efficiunt.
292 3917 330 3972 sic
357 3932 450 3972 versus
484 3915 677 3987 ithyphallicns
702 3913 850 3991 τροχαϊκὸς
878 3913 1006 3989 ἡμιόλιος
1027 3911 1134 3968 dicitur.
1175 3932 1246 3987 quae

130 4005 284 4074 sequuntur,
303 4004 343 4058 ita
362 4002 515 4059 emendavit
532 4002 638 4058 Diibn.:
665 4001 755 4077 ἡγὰρ
772 3999 865 4074 μακρὰ
885 4001 956 4075 πρὸς
972 3998 1022 4061 τὰς
1040 3997 1092 4054 δύο
1110 4008 1247 4077 βραχείας
1299 4058 1302 4063 ,

127 4096 206 4147 ἴσον·
231 4094 277 4144 καὶ
295 4083 402 4160 {xa-2
438 4089 543 4146 Tamen
560 4089 672 4160 propius
690 4087 725 4144 ad
750 4087 892 4161 veritatem
909 4087 1032 4144 accedere
1049 4086 1160 4143 videtur
1177 4089 1245 4146 hoc:

126 4178 184 4232 ἔστι
202 4177 234 4233 δὲ
252 4177 266 4231 6
284 4175 432 4248 ἐν(όπλιος)
451 4168 636 4250 ἡμιόλιον-
663 4178 679 4245 ἡ
698 4176 753 4250 γὰρ
770 4175 863 4250 μακρὰ
882 4175 953 4250 πρὸς
970 4173 1018 4233 τὰς
1038 4172 1089 4227 δύο
1108 4181 1245 4249 βραχείας

127 4268 190 4321 ἴσον
207 4266 263 4336 ἔχει
279 4263 389 4341 ῥυθμὸν
405 4299 437 4310 -
458 4265 489 4319 ίκ
507 4264 654 4338 τριποδίας
672 4259 884 4320 ἀναπαιστικόν.
910 4293 943 4303 -
978 4261 1008 4317 in
1023 4259 1099 4318 June.
1119 4261 1245 4322 scholion
