2746 4710
144 265 180 318 60
556 263 664 320 Scholia
683 265 712 319 in
731 265 844 336 equitas.

159 462 164 470 ·
210 428 475 488 ·1067-1069.
519 416 661 510 Αἰγείδη
684 416 862 510 φράσσατο
896 419 948 487 Ἐν
979 420 1116 490 ἐκθέσει
1143 420 1258 490 ἑπικοὶ
1286 506 1288 510 y
1315 493 1317 497 ,

142 528 238 612 τρεῖς.
266 522 339 610 [ἐπὶ
358 529 405 613 τῷ
422 523 509 592 6666
531 524 771 615 παρόμραφος]

234 638 474 698 1070-1079.
519 622 577 715 [66
606 625 701 697 τοῦτό
723 651 823 720 φησιν
845 655 854 699 t
883 626 925 697 06
946 627 1020 718 ἑξῆς
1040 623 1258 713 οἷποιστίχοι

142 730 292 819 ὶαμβικοί
319 730 383 801 εἶσι
410 731 575 822 τρίμετροι
604 729 817 823 ἂκατόληκτοι
847 729 942 802 ὀκτώ.
985 731 1058 823 ἑξῆς
1084 734 1121 801 δὲ
1152 737 1256 802 κῶλον

143 834 298 924 ἰαμβικὸν
326 837 524 927 μονόμετρον
553 837 863 927 βραχικατάληκτον.
907 835 1059 904 λείπεται
1092 837 1153 926 μὰρ
1181 836 1257 908 ὅλου

53 930 56 934 ’
144 942 250 1023 ποδὸς
272 941 359 1028 πρὸς
378 941 436 1031 τὴν
455 938 612 1028 συζυγίαν.
653 941 710 1008 καὶ
733 938 804 1032 ἑξῆς
822 935 864 1008 αὖ
886 938 993 1024 στίχοι
1014 938 1164 1033 ίαμβικοὶ
1186 939 1257 1029 τρί-

143 1070 256 1134 μετροι
277 1041 495 1133 οὶκατόληκτοι
514 1041 578 1113 δίο.
608 1044 666 1113 ἐπὶ
687 1050 734 1134 66
755 1045 840 1113 τέλει
863 1040 1102 1136 παρόμραφος]

234 1157 471 1218 1080—1095.
517 1143 598 1237 [ἀεὶ
621 1148 695 1219 ἔιιι
725 1147 778 1216 ’66
801 1149 933 1217 ἐκθέσει
953 1148 1055 1223 6666
1076 1147 1257 1218 ἑκκαίδεκα.

137 1253 204 1321 ,ἐπὶ
222 1261 269 1342 τῷ
290 1251 374 1320 τέλει
397 1250 617 1344 παρόμραφος
637 1253 691 1321 καὶ
711 1251 859 1343 κορωνίς,
881 1251 926 1333 ὡς
948 1251 1092 1344 εἴρηται]

233 1368 474 1428 1096-1110,
526 1356 638 1445 [ὶοὸ
626 1358 706 1428 606:
734 1357 894 1438 Έκδεσις
924 1364 982 1448 τῆς
1017 1356 1236 1447 κορωνίδος
1222 1384 1259 1426 εκ

143 1460 262 1547 στίχων
292 1462 328 1531 ία
327 1471 464 1550 μβικῶν,
494 1456 538 1530 ὧν
568 1461 784 1551 προτίθεται
791 1462 829 1530 τὸ
851 1461 957 1588 παρὸν
978 1465 1081 1530 κῶλον
1104 1460 1260 1550 ἰαμβικὸν

145 1567 344 1655 μονόμετρον
365 1563 597 1656 ἄκατόὶηκτον.
637 1563 669 1634 οὶ
692 1567 729 1634 δέ
756 1564 821 1634 εἶσι
848 1565 1014 1656 τρίμετροι
1035 1562 1092 1634 ιδ.
1128 1566 1190 1635 ε’πὶ
1211 1574 1260 1656 τῷ

64 1736 67 1748 ,
106 1755 108 1759 ι
145 1671 230 1740 τέλει
252 1671 388 1760 κορωνὶς
409 1668 558 1753 ἐξιόντων
579 1679 643 1739 τῶν
664 1669 870 1759 ὑποκριτῶν]

235 1787 370 1845 1111-
381 1784 475 1847 1150.
520 1803 547 1842 ω
533 1768 621 1866 666
621 1801 675 1844 66:
710 1778 842 1866 1Λιπὶῆ
864 1775 921 1842 καὶ
950 1772 1100 1856 είσθεσις
1122 1775 1178 1843 καὶ
1199 1774 1259 1860 μό-

146 1883 202 1961 λος
222 1880 480 1973 μονοστροςοικὸν
511 1877 687 1966 ἄμοιβαῖον
712 1879 875 1967 περιόδων
905 1875 1086 1967 τεσσάρων,
1124 1878 1262 1962 ἐναλλὰξ

101 2026 104 2030 -
145 1990 203 2054 τοῦ
221 1989 320 2074 χοροῦ
340 1985 374 2053 ἐν
395 1983 537 2053 ἐκθέσει.
561 1980 740 2051 δεκόκωλοι
761 1983 798 2051 δέ
820 1981 903 2051 εὶσιν
922 1981 956 2050 αὶ
973 1981 1132 2071 περίοδοι.
1161 1977 1260 2051 Ἰωνι-

43 2105 45 2111 ’
124 2089 205 2159 ’κὸν
229 2089 265 2157 δὲ
288 2082 357 2157 οὶπὸ
377 2087 524 2174 μείζονος
545 2088 596 2174 [τὸ
616 2088 759 2176 μέτρον].
797 2080 840 2154 ὧν
861 2087 902 2154 τὰ
921 2086 980 2172 μέν
1004 2087 1092 2155 ἐστιν
1113 2083 1261 2176 ἑφδημι-

146 2197 241 2282 μερῆ,
263 2193 320 2261 δίο
343 2193 379 2260 66
399 2190 546 2284 ἡμιόλια,
569 2192 607 2259 τὸ
629 2190 782 2280 τέταρτον
804 2192 918 2259 καὶτὸ
942 2191 1085 2260 δέκατον.
1099 2229 1102 2234 -
1118 2191 1262 2280 [εἴρηται

148 2297 184 2365 66
206 2298 290 2364 κατὰ
310 2297 369 2387 τὴν
390 2296 520 2386 πριότην
544 2292 651 2384 χώραν
677 2297 733 2364 καὶ
759 2294 868 2363 παίων
889 2289 958 2362 ἄντ’
980 2289 1125 2363 Ἰωνικοῦ.
1169 2295 1204 2363 66
1225 2294 1261 2362 δέ
1284 2311 1287 2317 “

147 2423 216 2468 τισι
234 2401 289 2468 καὶ
312 2399 503 2488 διτρόχαιος.
546 2392 597 2488 66³
626 2396 744 2489 ἑκάστῃ
758 2444 760 2448 -
775 2399 919 2490 περιόδῳ
947 2399 1172 2490 παροίνραφος.
1202 2399 1261 2467 ἐπὶ

148 2509 195 2593 663
214 2504 300 2572 τέλει’
320 2511 378 2594 τῆς
398 2504 551 2594 τετάρτης
571 2504 786 2594 παρόμραφος
808 2507 864 2573 καὶ
884 2496 1058 2594 ’κορωνίς.]’
1125 2582 1129 2590 ,

240 2618 479 2678 1151-1262.
535 2601 635 2696 ὕπαγ’
668 2609 702 2689 ἐς
728 2607 891 2697 μακαρίαν
917 2635 926 2679 :
960 2607 1131 2697 [Κορωνὶς
1163 2602 1262 2688 αὖθις

149 2710 243 2803 ετὲρα
272 2711 439 2783 εἰσιόντων
468 2720 533 2780 τῶν
554 2710 747 2800 ὑποκριτῶν.
778 2710 810 2780 οὶ
831 2714 868 2782 66
890 2712 996 2797 στίχοι
1019 2711 1169 2798 ὶαμβικοὶ
1192 2710 1260 2801 τρί-

149 2844 262 2910 μετροι
281 2817 496 2909 66666666666
518 2814 594 2906 ριδ’,
619 2817 702 2908 πλὴν
721 2823 779 2884 τοῦ
798 2843 847 2907 πη
854 2813 1045 2932 ’ίαμβικοῦ
1063 2815 1262 2905 μονομίτρον

150 2923 460 3014 βραχοκαταὶὴκτον.
489 2915 534 2990 ὧν
556 2950 574 2992 ο
563 2918 780 3000 τελευταῖος
842 2928 846 2934 ’

361 3047 433 3099 ἰδεῖν
452 3043 559 3118 ἀμείνω
577 3051 609 3119 τῆ
628 3048 791 3115 Κεχηναίων
809 3039 896 3098 πόλει.

151 3142 210 3210 ἐπὶ
232 3147 278 3232 τῷ
302 3143 387 3212 τέλει
409 3144 565 3233 κορωνὶς]
893 3134 895 3139 ¹

242 3258 480 3317 1263--1273,
525 3249 674 3337 Κορωνὶς
707 3249 778 3318 ²66·
809 3245 916 3331 ἐξίασι
936 3248 998 3337 γὰρ
1021 3245 1053 3315 οὶ
1075 3246 1263 3334 ὸποκριταί.
1288 3291 1291 3300 -

152 3352 207 3420 καὶ
225 3349 297 3420 ἔστι
320 3351 495 3440 σοζογία’
478 3351 608 3477 6666666
608 3352 722 3443 666666.
760 3347 797 3443 ἧς
818 3350 853 3420 αὶ
876 3351 935 3438 μὲν
962 3354 1091 3438 μελικαί
1111 3349 1263 3441 περίοδοι

152 3454 330 3526 δεκόκωλοί
350 3455 423 3524 εὶσι.
445 3457 499 3525 καὶ
523 3451 625 3531 αὐτῶν
644 3458 682 3528 τὸ
704 3457 765 3584 μὸν
785 3483 987 3548 πρωτσνρ
939 3455 974 3525 ία
974 3455 1092 3542 μβικὸν
1113 3453 1263 3547 ἓφδημι-

150 3561 258 3650 μερίς,
299 3561 338 3652 [6
368 3556 453 3644 ἐξ
431 3558 657 3629 αντισπόστοο
689 3561 744 3628 καὶ
770 3560 948 3687 χοριρίμβου
984 3559 1178 3650 δίμετρον“
1161 3586 1264 3647 σπερ-

152 3663 372 3754 κατάληκτον].
417 3665 455 3732 τὸ
476 3661 568 3793 δέβ’
590 3662 780 3734 δακτυλικὸν
807 3664 942 3753 τρίπουν
970 3663 1019 3744 είς
1040 3662 1263 3791 δισσὶλαβίαν.

154 3768 210 3856 [τὸ
235 3767 343 3855 τρίτον
371 3769 451 3850 ἐξ
434 3768 602 3858 επιτρίτου
626 3768 793 3856 δευτέρου,
818 3760 1008 3894 χοριόμβρν
1036 3769 1092 3837 καί
1103 3761 1265 3860 Ιωνικοῢ

58 3868 65 3879 ’
154 3866 211 3940 676'
249 3872 443 3954 ἐλάττονος
461 3873 630 4000 τρίμετρον
644 3870 911 3999 66666666606]
957 3873 996 3942 66
1028 3869 1062 3941 δ’
1096 3870 1266 3962 τροχαίκὸν

153 3967 288 4068 τρίποσι
307 3973 409 4066 εφθη
411 4004 448 4062 ιι
398 3977 535 4065 ρμερίς.
566 3969 657 4045 666
676 3977 792 4045 ἐπικὸν
817 3975 1046 4067 ὸφδημιμερές.
1067 3974 1165 4060 τὰς’
1189 3975 1267 4062 6666-

154 4079 248 4166 βικὸν
269 4077 418 4167 δίμετρον
439 4078 666 4172 ἀκατάληκτον.
692 4080 729 4169 τὸ
752 4077 782 4162 ζ’
802 4080 971 4171 τροχαίκὸν
993 4081 1039 4168 δίρ
1026 4107 1144 4171 μετρον
1166 4079 1268 4170 ὸπερ-

241 4292 316 4353 le.
339 4268 538 4367 κωίομετρίαν.
643 4291 720 4350 206.
739 4295 937 4369 κωίομετρίαν.
