2746 4710
123 263 234 319 102¹

124 419 225 500 bitur,
264 439 410 486 versuum
441 422 546 505 capita
582 438 644 485 non
672 419 790 486 lineam
827 421 946 486 rectam
977 420 1236 507 descripsissem

125 524 239 593 codice.
283 524 435 592 nonnulla
464 524 580 590 idcirco
610 524 809 590 conferamus
840 525 982 609 exempla
1012 525 1101 592 velut
1124 525 1236 593 codicis

124 629 163 695 V.
186 630 283 696 schol.
305 649 350 713 eq.
365 635 446 707 756,
475 619 545 694 εἶτα
567 624 601 693 ἐν
624 625 758 694 ἐκθέσει
782 625 851 693 ἐστὶ
878 626 917 693 τὸ
941 623 1060 712 έθιμσν
1085 624 1235 713 δίστιχον,
1272 661 1279 672 ·

124 733 321 818 excipiuntur
364 733 447 800 enim
484 735 544 798 hoc
576 733 646 798 loco
690 732 825 816 quinque
873 733 1025 799 trochaici
1061 736 1238 801 tetrametrr'

126 839 334 925 anapaesticis
358 838 479 905 duobus
501 824 710 923 longioribus3
733 827 829 902 schol'.
853 858 899 921 eq.
923 845 1004 918 824,
1027 838 1082 905 ubi
1105 859 1237 925 anapae-

20 946 25 955 '
124 944 220 1010 sticos
242 946 444 1011 tetrametros
472 945 611 1027 systema
635 943 871 1027 anapaesticum
899 945 1042 1027 sequitur
1066 941 1147 1010 colis
1167 941 1241 1010 sub?

123 1049 236 1114 sistens
258 1043 305 1132 (ἐν
327 1042 505 1132 εἶσθέσει);
537 1047 571 1111 in
592 1047 689 1112 schol.
714 1053 776 1112 972
798 1048 866 1113 tota
885 1041 959 1126 ἐξάς
979 1043 1016 1112 ἐκ
1037 1051 1067 1110 Γ
1065 1045 1238 1113 λνκωνείων

125 1153 157 1216 et
181 1146 433 1240 Φερεκρατείων,
458 1151 541 1236 quod
556 1150 745 1218 antecedunt
758 1151 887 1217 iambici
907 1152 1059 1232 trimetri,
1077 1149 1112 1217 ἐν
1128 1147 1238 1218 εἰσθέ-

108 1276 175 1320 -σει
203 1256 305 1340 posita
335 1260 400 1335 est3
434 1257 467 1321 in
490 1256 586 1321 schol.
609 1275 678 1339 pac.
702 1261 782 1335 571,
818 1253 931 1338 μέλος,
967 1247 1005 1320 οὗ
1033 1252 1068 1319 ἐν
1091 1250 1238 1322 εἷσθέσει

124 1355 216 1426 ἐννέα
234 1361 363 1445 (κῶλα),
386 1356 421 1425 ἐν
437 1357 569 1426 ἐκθέσει
586 1355 696 1441 στίχος
710 1356 899 1444 σρσχαϊκός;
918 1361 952 1424 in
967 1361 1064 1426 schol.
1080 1381 1152 1447 pac.
1168 1368 1238 1443 651,

123 1462 234 1547 μέλος,
272 1453 310 1529 οὗ
333 1461 369 1529 d'
391 1462 451 1547 μέν
473 1460 537 1529 εἰσι
559 1465 648 1530 ’κῶλα
677 1460 811 1550 ὃίμειρα
833 1457 1052 1551 ἀκαιάληκτα,
1084 1461 1119 1528 ἐν
1143 1462 1238 1530 ἐκθέ-

124 1590 174 1632 σει
205 1564 315 1650 σιίχσς
353 1561 568 1655 σειράμειρσς
607 1560 786 1654 τροχαϊκός.
845 1568 879 1633 in
912 1568 1009 1636 schol.
1045 1569 1147 1650 8562
1187 1571 1238 1636 ubi

124 1672 314 1740 antecedunt
336 1673 425 1737 κῶλα
445 1667 570 1737 Ἰωνικὰ
590 1669 624 1736 ἐν
646 1668 777 1737 ἐκθέσει
798 1671 908 1756 (scrib.⁴
927 1668 961 1735 ἐν
978 1667 1141 1758 εἶσθέσει)
1163 1674 1237 1740 duo·
1289 1679 1295 1691 ”

123 1777 182 1843 bus
202 1774 249 1860 (ἐν
272 1772 417 1860 ἐκθέσει)
439 1776 582 1843 iambicis
605 1777 809 1842 tetrametris.
854 1777 888 1842 in
913 1776 1009 1843 schol.
1034 1784 1116 1858 922,
1140 1778 1238 1865 διπλῆ

124 1877 179 1946 καὶ
209 1874 344 1957 ἐκθεσις
373 1875 421 1957 εἷς
442 1873 596 1964 ἰάμβοις,
626 1883 699 1965 quia
719 1880 814 1965 paulo
840 1883 914 1947 ante
944 1881 1148 1948 inveniuntur
1171 1884 1238 1950 cola

123 1985 274 2072 iambica.¹
313 1984 346 2050 iu
375 1984 471 2067 schol.
497 1992 559 2051 939
592 2004 715 2051 summo
745 2003 899 2050 consensu
933 2004 1044 2053 versus
1082 1986 1253 2072 longiores

124 2090 279 2156 iambicos¹
297 2090 506 2155 ¹tetrametros
534 2086 567 2154 ἐν
590 2083 740 2171 ἐκθέσει,
779 2088 849 2155 cola
877 2091 984 2156 autem
1007 2111 1027 2156 a
1048 2092 1143 2156 choro
1166 2101 1236 2177 proi

124 2195 269 2261 nuntiata
298 2194 442 2260 breviora
469 2190 503 2257 ἐν
527 2188 675 2258 εἰσθέσει
708 2193 810 2279 posita
840 2214 907 2261 esse
930 2194 1083 2261 videmus.
1130 2195 1236 2262 deinde

126 2301 216 2384 (956)
238 2298 292 2382 qui
314 2301 487 2382 sequuntur
510 2298 637 2364 iambici
658 2299 795 2364 trimetri
818 2293 853 2361 ἐν
874 2295 1021 2380 ἐκθέσει,
1043 2299 1114 2366 cola
1135 2302 1238 2366 autem

62 2467 66 2478 ,
124 2403 196 2469 inde
219 2422 354 2469 eversu
375 2404 466 2487 (974)
487 2399 521 2465 ἐν
544 2398 707 2481 εἰσθέσει,
739 2402 867 2468 iambici
897 2403 1033 2469 trimetri
1061 2405 1179 2470 iterum
1208 2401 1238 2468 ἐν
1273 2436 1276 2442 ·

125 2503 257 2571 ἐκθέσει
280 2507 312 2571 et
332 2493 449 2580 ibidem
469 2507 581 2590 (1039)
603 2506 731 2572 iambici
753 2507 893 2572 trimetri
917 2510 990 2592 post
1013 2509 1083 2592 cola
1103 2509 1270 2589 iambica,

40 2665 43 2675 .
126 2606 163 2673 ἐν
176 2596 316 2674 ’ἐκθέσει
340 2610 449 2693 scripti
469 2611 552 2675 sunt
595 2610 644 2675 his
675 2611 774 2696 igitur
808 2611 915 2676 allatis
942 2596 1110 2696 exemplis,
1133 2628 1239 2696 cuam

128 2733 223 2799 snpra
252 2714 450 2797 exposuimus
478 2733 545 2779 csse
574 2734 683 2780 veram
711 2734 752 2783 ac.
778 2706 955 2788 naturalem
978 2717 1065 2792 vocis
1093 2711 1251 2794 εἴσθεσις·Ι

128 2823 183 2887 aut
202 2813 345 2896 ἐκθεσις·
359 2819 620 2905 significationem
643 2840 715 2885 cum
737 2820 1118 2904 summa-probabilitatis
1141 2823 1240 2907 specie

82 2967 85 2973 -
129 2918 317 2993 contendere
346 2924 430 2991 licet.
484 2925 566 3008 quod
596 2926 624 2990 si
655 2924 743 2991 nobis
775 2926 1052 3008 persuasissimum
1078 2929 1143 3004 est,
1180 2947 1240 2993 nou

128 3029 247 3095 iamin
272 3028 363 3094 dubio
387 3048 454 3095 esse
476 3029 596 3114 potest,
621 3028 694 3113 quid
716 3028 843 3095 valeant
866 3032 989 3097 ceterae
1010 3029 1104 3096 huius
1119 3031 1240 3116 generis

130 3152 235 3201 voces
252 3129 447 3213 ἐπέκθεσις,
476 3129 679 3225 ἐπείσθεσις.
726 3133 808 3218 quod
842 3153 900 3218 quo
928 3134 1051 3200 facilius
1073 3135 1241 3221 intellega-

130 3257 216 3316 mus,
240 3236 417 3321 excmplum
440 3237 652 3316 conferamus,
676 3236 758 3322 quod
777 3239 878 3303 exstat
899 3237 932 3303 iu
956 3239 1053 3305 schol.
1068 3247 1241 3323 pac.1316.

133 3342 277 3426 deinceps
292 3341 376 3407 enim
389 3341 472 3408 iuter
487 3360 520 3407 se
536 3343 694 3426 excipiunt
706 3343 818 3428 (1301)
830 3343 957 3409 iambici
972 3344 1117 3424 trimetri,
1130 3347 1242 3431 (1304)

131 3446 284 3514 trochaici
305 3446 484 3512 tetrametri
504 3447 537 3512 et
559 3454 642 3511 1316
673 3449 865 3531 anapaestici
893 3449 1088 3527 tetrametri‚
1127 3449 1182 3533 qui
1212 3445 1243 3513 ἐν

132 3546 310 3618 ἐπεκθέσει
331 3550 427 3637 positi
448 3548 624 3616 traduntur.
671 3550 806 3616 alterum
833 3551 926 3616 huius
954 3552 1039 3618 vocis
1065 3553 1243 3637 exemplum

132 3655 291 3724 invenitur
312 3655 345 3721 in
361 3656 458 3722 schol.
475 3653 569 3733 34613
593 3654 648 3720 ubi
668 3659 798 3740 πρῶτος
820 3650 929 3736 στίχος·
949 3654 1119 3742 τροχαϊκὸς·
1140 3652 1244 3722 scaeis

132 3783 229 3842 μενος
249 3757 305 3824 καὶ
328 3757 474 3846 δεέιερσν
497 3757 531 3824 ἐν
555 3753 702 3824 εἰσθέσει
725 3759 826 3847 κῶλον
848 3753 1038 3841 παιωνικόν,
1061 3755 1095 3824 ἐν
1110 3757 1244 3826 ἐκθέσει

132 3861 378 3951 σεεράρρυθμσς’
401 3857 619 3949 demutamus
646 3859 703 3929 adv
733 3859 911 3929 ἐπεκθέσει
941 3861 1107 3949 ιρσχαϊκοὶ
1130 3859 1244 3952 κειρά-

134 3990 248 4052 propos
274 3970 482 4061 positisunt.
537 3968 647 4035 deinde
676 3969 710 4033 in
738 3969 835 4033 schol.
864 3989 931 4052 pac.
956 3975 1019 4033 426
1054 3970 1153 4036 verba
1177 3971 1244 4049 itta,

135 4062 230 4150 ,,εἷια
254 4069 287 4136 ἐν
309 4070 467 4138 έκθέσει“
491 4074 529 4139 ob
547 4093 599 4151 ea,
622 4092 700 4158 quae
724 4074 896 4155 sequuntur
920 4069 1011 4157 παρὰ
1034 4070 1111 4150 τοὺς
1131 4096 1243 4158 τειρα-

133 4172 269 4261 μέιρσυς
298 4177 332 4241 in
367 4167 465 4258 ,,εἶια
487 4173 521 4240 ἐν
543 4171 717 4241 εἶσθέσει“
747 4176 899 4243 mutanda
921 4197 1004 4255 esso,
1039 4177 1244 4244 manifestum

135 4281 193 4347 est.
236 4281 296 4347 hoc
319 4281 345 4348 si
368 4281 567 4348 concedimus
587 4280 658 4350 luce
680 4280 795 4348 clarius
815 4282 878 4362 est,
902 4300 1033 4368 eaquae
1049 4283 1243 4369 subsequun-
