2746 4710
611 258 718 314 Scholia
734 259 763 313 in
781 257 894 328 equites.

287 423 481 482 322-334.
526 407 588 502 ἆρα
611 407 677 504 δῆτ’
697 411 754 482 οίκ
777 408 835 480 ἄπ’
859 415 979 504 οίρχῆςτ
1008 414 1171 503 [Κορωνὶς
1196 413 1233 482 δὲ
1256 414 1310 481 καί

196 514 346 597 είσθεσις
379 527 476 606 χοροῦ
483 592 487 601 ,
508 518 691 608 προηιὸικῆ,
734 517 789 585 διὰ
819 518 858 585 τὸ
897 514 949 586 ἀεί
985 517 1218 608 προτίθεσθαι
1255 527 1311 608 τῆς

197 624 331 711 διπλῆς,
352 620 386 689 ἐκ
408 617 519 689 κοίλων
542 622 597 688 καί
620 619 737 704 στίχων
759 620 1071 711 πολυσχηματίστων
1086 620 1221 692 δώδεκα.
1249 615 1309 689 Ῑῶν

195 726 237 794 τὰ
261 732 378 815 πρῶτα
398 723 474 815 τρία
496 725 659 792 παιωνικίι
688 723 822 812 δίμετρα
855 719 1079 816 οίκατάληκτα,
1117 720 1310 794 ἑίκαλείται

160 896 163 900 ,
196 830 330 918 κρητικὰ
351 827 526 917 δίρρυθμα.
547 828 585 896 τὸ
608 827 643 896 δὲ
659 823 694 896 δ’
713 829 882 918 τροχαϊκὸν
905 826 1145 920 ἑφθημιμερές,
1167 827 1309 899 ὃκαλεῖ-
1339 911 1352 918 Ν

196 960 252 1002 ται
275 930 483 1020 Εὐριπίδειον
504 931 703 1022 ἢληκίθιον.
734 933 776 999 τὰ
798 932 834 1000 δὲ
855 932 895 1017 ε’,
919 929 963 1017 ς’,
990 929 1039 1016 θ’,
1064 933 1090 1000 ι’
1111 929 1310 1024 τετράμετρα

196 1032 423 1126 καταληκτικά.
444 1036 485 1103 τὰ
502 1037 538 1104 δὲ
553 1033 590 1120 ζ’,
612 1035 646 1125 η’
668 1037 843 1104 δακτυλικά
866 1037 1070 1127 τετράμετρα.
1092 1037 1135 1103 τὰ
1149 1037 1187 1105 δὲ
1203 1041 1310 1106 τελευ-

195 1148 274 1211 ταῖα
298 1138 355 1210 δίο
377 1140 513 1226 ίαμβικὰ
534 1135 730 1230 τετράμετρα
751 1136 985 1229 καταληκτικά,
1016 1139 1116 1226 ὅμοια
1136 1147 1208 1222 τοῖς
1231 1139 1309 1233 ἑξῆς.

195 1246 255 1315 ἐπί
273 1252 323 1336 τῷ
341 1244 426 1314 τέλει
447 1241 601 1332 κορωνίς.]

284 1353 481 1435 335-380.
526 1364 598 1452 [καί
617 1363 681 1453 μὴν
701 1359 858 1432 ἀκούσαθ’
882 1357 974 1444 οἷοςι
1005 1361 1168 1444 Είσθεσις
1188 1367 1311 1458 διπλῆς

194 1462 372 1556 άμοιβαίας
399 1468 436 1537 ἐκ
465 1465 583 1552 στίχων
619 1465 778 1555 ίαμβικοίν
811 1468 1032 1557 τετραμέτρων
1067 1470 1310 1559 καταίηκτικῶν

194 1570 259 1660 λβ’.
287 1565 330 1641 ὧν
351 1575 532 1651 τελευταῖος
1114 1574 1117 1579 ’

370 1695 402 1763 νὴ
415 1693 471 1751 Ιτὸν
493 1694 639 1760 Ποσειδῶ,
661 1695 732 1766 κάμὲ
751 1692 806 1770 γὰρ
824 1693 910 1767 ῆνπερ
929 1712 961 1765 γε
979 1699 1077 1748 τοῦτον
1095 1695 1180 1770 ἓλκης.

196 1796 255 1865 ἐπί
277 1802 324 1887 τῆ
345 1794 431 1865 τέλει
453 1797 554 1886 διπλῆ
578 1793 640 1878 ἔξω
661 1801 830 1864 νενευκυῖα.
868 1783 941 1884 ἑξῆς
972 1793 1008 1862 δὲ
1028 1794 1148 1863 τούτων
1171 1793 1311 1883 ίαμβικὰ

195 1899 330 1989 δίμετρα
355 1897 559 1992 ἂκατάληκτα
581 1897 636 1982 ιε’,
665 1901 749 1991 πλὴν
773 1905 830 1967 τοῦ
852 1899 1089 1989 παρατελείτου
1110 1900 1311 1990 μονομέτρου

194 2004 288 2087 ίίντος
315 2005 370 2073 καί
402 2012 460 2074 τοῦ
487 2003 670 2073 τελευταίου
701 2003 851 2093 διμέτρου
886 2006 1126 2094 καταληκτικοῦ.
1170 2003 1231 2074 ε’πί
1261 2013 1308 2095 τῷ

192 2108 278 2177 τέλει
304 2110 424 2199 2διπλῆ
449 2107 511 2191 ἔξω
533 2112 718 2194 νενευκυῖα]

285 2238 481 2299 381-408.
531 2223 569 2320 ῆν
600 2225 664 2318 άρα
693 2222 796 2318 πυρός
822 2253 830 2297 :
869 2227 1040 2318 [Κορωνὶς
1073 2226 1128 2296 καί
1159 2226 1311 2311 είσθεσις

191 2341 285 2423 χοροῦ
307 2333 475 2423 προιμὸικῆ
506 2332 543 2399 ἐκ
563 2328 676 2400 κοίλων
699 2337 887 2400 παιωνικῶν
915 2331 1176 2419 ἐπιμεμιγμένων
1197 2361 1310 2424 κρητι-

193 2441 265 2518 κοίς
292 2431 390 2506 ἑπτά.
420 2429 464 2503 ὧν
487 2435 525 2503 τὸ
548 2442 679 2526 πρῶτον
704 2434 873 2525 τρίμετρον
905 2437 1125 2526 άκατάληκτον
1148 2434 1310 2528 καθαρόν.

191 2540 231 2609 τὸ
253 2539 399 2630 δεύτερον
428 2537 579 2628 δίμετρον
611 2532 832 2630 άκατάληκτον
860 2539 897 2608 ἐκ
923 2550 1082 2631 κρητικιῦν
1109 2539 1182 2633 ῆτοι
1203 2536 1310 2634 άμφι·

191 2640 330 2734 μάκρων.
352 2645 389 2712 τὸ
414 2641 523 2732 τρίτον
544 2642 658 2729 ὅμοιον
685 2648 732 2732 τῷ
752 2640 874 2733 πρώτῳ
896 2643 932 2712 ἑκ
948 2652 1115 2735 κρητικιῦν.
1137 2647 1176 2714 τὸ
1191 2647 1310 2738 τέταρ-

191 2774 247 2817 τον
260 2748 394 2835 Ιὅμοιον.
422 2747 461 2816 τὸ
485 2747 640 2833 πέμπτον
660 2745 772 2832 ὅμοιον
793 2755 839 2836 τῷ
863 2746 1001 2837 δευτέρην
1020 2748 1062 2838 ,ἐκ
1084 2742 1232 2830 παιῶνος
1252 2751 1309 2819 καί

191 2857 357 2944 κρητικοῦ,
394 2849 438 2930 ὡς
464 2851 519 2918 καί
547 2850 588 2919 τὰ
618 2847 692 2942 ἑξῆς
718 2847 783 2920 δι’·ο.
828 2851 863 2918 ἐν
895 2852 1027 2919 ἐκθέσει
1056 2852 1093 2920 δὲ
1123 2851 1231 2938 στίχοι
1250 2855 1308 2924 δίο

191 2955 359 3043 τροχαίκοί
379 2945 592 3046 τετράμετροι
616 2953 853 3046 καταληκτικοί.
893 2954 952 3023 ε’πί
973 2962 1022 3045 τῷ
1051 2957 1137 3025 τέλει
1160 2959 1308 3049 κορωνίς.

192 3057 263 3149 ἑξῆς
284 3059 321 3126 δὲ
342 3056 488 3149 σίστῆμα
509 3059 592 3127 κατὰ
613 3061 793 3150 περικοπὴν
816 3057 931 3143 στίχων
953 3057 1075 3146 ὁμοίων
1097 3062 1139 3143 ἑξ.
1169 3064 1211 3130 τὰ
1235 3061 1309 3153 ἑξῆς

191 3160 266 3250 τρία
288 3163 377 3227 κῶλα
399 3167 456 3229 τοῦ
475 3166 573 3251 χοροῆ
596 3162 759 3250 τροχαϊκά.
786 3156 829 3258 ὧν
845 3164 888 3230 τὰ
909 3163 967 3249 μὲν
989 3164 1045 3232 δίο
1066 3163 1203 3256 δίμετρα
1224 3159 1309 3234 άκα-

189 3262 345 3354 τάληκτα,
369 3265 407 3332 τὸ
429 3265 488 3351 μὲν
509 3267 592 3333 κατὰ
615 3267 672 3356 τῆν
695 3262 863 3357 τετάρτην,
893 3267 988 3335 τὸδὲ
1010 3270 1092 3335 κατὰ
1116 3270 1173 3359 τῆν
1195 3267 1307 3361 τρίτην

191 3365 311 3454 ἴαμβον
333 3365 454 3452 ἔχοντα.
491 3369 529 3438 τὸ
549 3369 586 3438 δὲ
606 3369 715 3458 τρίτον
737 3371 971 3462 καταληκτικὸν
1000 3369 1237 3462 ἑφθημιμερές.
1275 3370 1307 3441 οί

189 3469 260 3563 ἑξῆς
281 3469 404 3541 τούτων
427 3469 484 3542 δίο
506 3471 612 3558 στίχοι
634 3475 801 3565 τροχαϊκοί
825 3475 1032 3566 τετράμετροι
1064 3474 1307 3562 καταληκτικοί.

188 3583 253 3645 τῶν
275 3576 311 3646 δὲ
334 3574 408 3668 ἑξῆς
439 3587 496 3646 τοῦ
522 3584 620 3666 χοροῦ
642 3579 672 3647 ε’
694 3579 807 3646 κοίλων
833 3579 875 3646 τὰ
900 3579 958 3665 μὲν
981 3575 1027 3663 α’,
1060 3575 1098 3668 β’
1129 3579 1306 3649 δακτυλικὰ

188 3678 401 3771 τετράμετρα,
430 3682 529 3750 τὰδὲ
551 3678 595 3769 χ’,
618 3679 648 3749 ε’
670 3683 824 3771 τροχαϊκὰ
850 3684 1049 3774 τετράμετρα
1077 3683 1302 3773 καταληκτικά.

187 3783 224 3854 τὸ
246 3785 283 3852 δὲ
303 3786 457 3875 τέταρτον
480 3783 635 3874 ἰαμβικὸν
657 3785 808 3875 δίμετρον
832 3779 1061 3876 άκατάληκτον,
1083 3787 1121 3855 τὸ
1140 3784 1168 3854 ε’
1189 3786 1305 3872 ὅμοιον

276 4020 290 4072 1
315 4016 438 4087 Apparet
463 4016 639 4073 scholiastam
665 4017 688 4071 si
716 4016 805 4070 minus
824 4014 918 4081 verba,
949 4018 979 4071 at
1003 4019 1075 4074 certe
1104 4017 1305 4085 interpretandi

187 4102 320 4159 rationem
341 4119 461 4160 servasse
479 4104 631 4170 Heliodori‚
662 4103 851 4172 antistrophen
873 4120 921 4158 suo
942 4104 1030 4160 Marte
1055 4108 1084 4160 et
1107 4104 1200 4174 inepte
1216 4105 1303 4175 expli·

188 4193 301 4247 cantem.
331 4191 375 4261 (of.
388 4191 460 4260 381.)
556 4192 573 4245 2
592 4189 766 4246 scribendum
790 4189 841 4242 δύο
859 4190 961 4244 διπλαῖ
975 4193 1025 4254 ἔξω
1044 4198 1213 4258 νενευκυῐαι,
1234 4209 1304 4263 ροσε

187 4277 218 4337 in
235 4277 288 4335 fine
306 4280 442 4342 ἐκθέσεως
458 4283 505 4348 τῆς
521 4279 623 4346 διπλῆς
641 4276 837 4334 adscribuntur.
855 4276 889 4333 cf.
908 4277 969 4335 441.
