2746 4710
79 4402 152 4424 *-

174 228 227 308 οε
461 299 465 306 .
618 252 876 310 αοιοιαηιιι.

189 401 328 477 Ἰωνικοῦ
358 401 427 476 άπὸ
459 407 604 494 μείζονος
638 410 694 478 καί
719 411 899 500 χοριάμβου
928 408 1157 499 άκατάληκτσν.
1197 407 1235 476 τό
1264 409 1300 475 δέ

190 519 247 603 τῆς
270 511 411 602 άντιμδῆς
434 512 470 580 ἐκ
492 509 645 598 διιάμβου
668 514 723 580 καί
742 511 941 603 διτροχαίου,
964 514 1003 581 τὸ
1025 512 1165 599 ἕβδομον
1188 514 1300 580 δακτυ-

150 635 153 638 “
189 617 280 684 λικδν
301 624 461 707 πενθιμχ
425 645 446 684 ιι
448 617 547 703 μερές.
570 642 608 683 το
598 615 739 704 όχδοον
759 617 972 705 χοριαμβικὸν
991 615 1155 706 ἡμιόλιον,
1177 614 1299 706 συνίζη-

190 742 246 787 σιν
263 717 333 804 έχον
352 718 398 801 εἷς
419 721 457 787 τὸ
471 717 630 809 Θρηίκία,
652 721 707 788 διὰ
730 722 768 787 τὸ
790 714 987 810 ημιόλιον
956 745 1039 788 ειναι
1060 721 1099 787 τὸ
1121 725 1178 810 τῆς
1197 718 1300 808 οἰντιμ-Ι

189 821 287 913 δῆς
274 850 310 891 εκ
338 821 528 948 διτροχαίου.
574 824 613 891 τὸ
641 821 753 891 ένατον
774 822 896 908 ὅμοιον
931 828 978 912 τῷ
1006 823 1150 912 ’πέμπτῳ
1178 823 1234 891 καί
1263 823 1300 889 τὸ

143 977 147 985 -
190 926 335 996 δέκατον.
364 927 402 995 τὸ
426 924 597 995 ἑνδέκατον
625 927 825 1016 μονόμετρον
845 920 1134 1017 ὑπερκατάληκτον
1176 927 1216 995 τὸ
1236 929 1300 995 δω-

188 1031 325 1098 δέκατον
342 1031 512 1119 τροχαϊκὸν
533 1029 683 1119 δίμετρον
702 1021 1000 1122 βραχυκατάληκτον
1021 1026 1250 1121 ίδυφαλλικόν.
1280 1029 1298 1119 ἡ

658 1134 664 1152 ἱ
716 1141 732 1156 ιν
783 1136 791 1159 Ι
884 1141 900 1157 ιν
975 1136 982 1158 ἱ
1037 1132 1088 1157 )u
1212 1133 1220 1154 Ι
1246 1134 1251 1144 ·

189 1262 254 1327 φος
274 1239 331 1305 καί
360 1240 461 1328 διπλῆ
484 1236 549 1307 έσω
570 1244 745 1306 νενευκυῖα·
780 1244 836 1330 τῆς
865 1240 903 1307 δὲ
928 1235 1072 1330 άντιμδῆς
1103 1235 1161 1307 δόο
1182 1241 1300 1306 διπλαῖ

189 1338 251 1423 έξιυ
281 1349 470 1427 νενευκυῖαι,
507 1340 528 1432 ἡ
555 1343 614 1428 μὲν
642 1343 676 1410 έν
697 1335 777 1432 ἀρχῇ
805 1351 862 1411 τοῦ
885 1339 1004 1429 κοίλου,
1041 1340 1120 1433 ἡδὲ
1147 1342 1234 1411 κατὰ
1261 1343 1298 1411 τὸ

188 1445 309 1534 τέλος.]]

202 1582 205 1591 ·
275 1558 472 1619 686—6'04.
521 1549 566 1639 T6
595 1556 741 1633 τοιοῦτον
755 1586 758 1591 ·
769 1546 961 1640 παράβασις
988 1552 1152 1634 καλεῖται,
1187 1548 1314 1637 »ῑδίπερ-

188 1653 296 1741 ἔλεγον
317 1645 568 1742 ἐπιστρέφοντες
588 1653 674 1740 πρὸς
692 1653 767 1733 τοίς
788 1654 982 1738 θεωμένους.
1003 1651 1073 1721 ἔστι
1089 1654 1125 1721 δέ
1139 1651 1159 1721 6
1175 1651 1300 1742 τρόπος

187 1755 264 1827 ὅταν
287 1756 477 1825 καταλιπόν
498 1756 540 1824 τά
562 1753 635 1847 ἑξῆς
664 1762 739 1824 2τοῦ
766 1753 931 1845 δράματος
958 1756 977 1825 ὃ
1000 1756 1138 1846 ποιητὴς
1161 1765 1299 1844 συμβου-

188 1864 283 1952 λεύσῃ
304 1867 358 1929 τοί
357 1860 618 1947 ςθεωμένοις,’
605 1859 720 1952 ηόίλίο
742 1862 834 1927 8τι
818 1862 911 1941 εκτδς
930 1861 1062 1951 λέχη
1019 1888 1079 1948 της
1093 1861 1299 1942 ὑποθέσεως

188 1967 379 2054 [[σογκειται
406 1966 491 2033 δέ’
475 1991 512 2032 εκ
541 1963 657 2047 στίχων
671 1968 846 2053 τροχαϊκων
865 1965 1084 2055 τετραμέτρου
1103 1969 1298 2096 καταληκτι-

185 2079 250 2138 κῶν
272 2066 316 2140 κ’.
349 2063 392 2138 ὦν
414 2069 598 2150 τελευταῖος

360 2193 462 2264 ὑστέρῳ
477 2189 574 2265 χρόνῳ
592 2188 654 2245 πότ’
676 2190 759 2250 αὖθις
777 2187 808 2244 εὗ
826 2197 946 2266 φρονεῖν
965 2191 1000 2245 οὐ
1019 2189 1149 2264 δόξομεν.

185 2294 244 2361 ἐπὶ
263 2300 309 2381 τῷ
329 2293 414 2360 τέλει
436 2295 549 2384 διπλῆ,
561 2290 626 2359 έσω
645 2297 807 2359 νενευκυῖα
825 2293 882 2360 διὰ
904 2294 961 2383 τὴν
982 2286 1235 2382 ἄνταπόδοσιν.]]

273 2406 468 2465 716-737.
522 2384 710 2484 [[πολλάκις
737 2394 813 2487 ἡμῖν
842 2394 963 2478 ἔδοξετ
996 2397 1043 2465 Τὸ
1073 2389 1296 2486 άντεπίρρημα

184 2500 296 2586 ὅμοιον
316 2501 397 2567 κατὰ
412 2497 530 2577 1πάντα
551 2506 600 2589 τῷ
621 2499 833 2590 ἐπιρρήματι,
864 2500 902 2567 ἐκ
925 2498 1042 2584 στίχων
1064 2500 1098 2566 κ’
1118 2505 1294 2594 τροχαϊκοῑν

166 2603 404 2694 τετραμέτρου
427 2606 668 2692 καταληκτικῶν
689 2601 907 2690 συγκείμενον,
932 2597 976 2672 ὦν
996 2602 1014 2672 6
1036 2607 1220 2684 τελευταῖος
1271 2637 1277 2644 ·

359 2725 395 2795 ἤν
412 2747 439 2780 τι
456 2731 503 2780 καὶ
522 2723 666 2798 πάσχητε,
688 2724 810 2795 πάσχειν
827 2733 885 2786 τοῖς
903 2733 1004 2799 σοφοῖς
1024 2715 1154 2794 δοκήσετε

183 2828 243 2896 έπί
263 2833 309 2917 τῷ
329 2829 416 2896 τέλει
435 2829 537 2917 διπλῆ
558 2827 620 2910 ἔξω
642 2830 834 2916 νενευκυῖα]

227 2941 385 3002 ·-738
395 2941 468 3002 813
522 2930 586 3059 νὴ
587 2931 643 3000 τὸν
672 2929 740 2998 Δία
770 2933 827 2999 τδν
854 2934 1020 3020 Σωτῆρα·
1057 2931 1232 3021 χΚορωνίς
1256 2932 1293 3031 66

182 3034 347 3105 εἰσιόντων
370 3030 469 3115 αυδις
487 3038 550 3101 τῶν
569 3031 766 3122 ὑποκριτῶν.
805 3060 837 3101 οι
864 3034 900 3102 δὲ
925 3032 1031 3118 στίχοι
1039 3031 1201 3119 ίαμβικυὶ
1222 3033 1292 3124 τρί-

182 3164 294 3227 μετροι
317 3133 529 3228 άκατάληκτοι
553 3135 616 3220 σς’.
650 3132 694 3205 ὧν
712 3141 894 3219 τελευταῖος

390 3257 586 3315 ἐσπουδάκωσι
592 3304 600 3328 ,
619 3261 756 3334 κλαύμαθ’
776 3262 847 3335 ἡμῖν
866 3251 1056 3338 4γενήσεται]

269 3372 332 3430 814
346 3372 466 3431 -823
513 3357 626 3453 Πῆποο
655 3364 759 3431 δεινὸν
786 3362 994 3453 ἐριβρεμέτας
1018 3388 1027 3430 :
1055 3361 1207 3449 Κορωνὶς
1235 3361 1292 3430 καί

180 3462 329 3549 είσθεσις
349 3466 466 3552 μέλους
492 3471 589 3556 χοροῦ
608 3464 862 3558 μονοστροφική,
905 3466 1086 3555 5τέσσαρας
1118 3463 1292 3554 περιόδους

179 3568 296 3696 ὁμοίας
324 3570 449 3654 ἔχουσα.
492 3571 534 3637 τὰ
559 3574 648 3659 κῶλα
676 3565 710 3640 δ’
739 3568 875 3699 ἑκάστης
905 3567 1060 3699 περιόδου
1089 3567 1173 3638 είσίν
1204 3567 1290 3637 ἑπτὰ
1329 3589 1332 3594 ·

180 3671 344 3764 ἰσόμετρα.
384 3702 426 3741 ων
447 3674 572 3760 τὰμὲν
592 3682 708 3764 πρῶτα
734 3675 790 3743 καί
819 3673 912 3764 τρίτα
933 3676 989 3773 καί
1010 3673 1150 3760 πέμπτα
1170 3676 1290 3742 δακτυ-

179 3779 263 3849 λικά.
286 3776 369 3846 6666
391 3777 433 3845 τὰ
455 3779 515 3864 μέν
538 3776 679 3869 ἓφδηχχ
642 3806 667 3846 ιι
628 3805 761 3870 ιμερη,
785 3806 826 3882 τα
815 3779 879 3847 δέ
900 3762 1039 3863 πέμπτα
1054 3784 1307 3869 πενθημιμερῆ.·

179 3882 220 3961 τὰ
242 3878 372 3970 δεύτερα
401 3883 456 3950 καὶ
475 3882 612 3973 τέταρτα
640 3884 695 3950 καὶ
726 3882 803 3958 έκτα
820 3872 1048 3950 άναπαιστικδ
1071 3878 1289 3972 εφθηιωμερῆ.

184 4015 388 4030 ,ιε-μ..-

266 4095 282 4148 1
295 4093 365 4169 ὅπερ
374 4093 447 4158 Ald„
467 4093 561 4166 ὥσπερ
573 4097 631 4158 M„
649 4093 721 4164 άπερ
733 4092 823 4147 Dfibn.
883 4095 900 4148 2
912 4097 962 4147 τοῦ
973 4091 1057 4164 λόγου
1069 4097 1117 4159 9.,
1137 4095 1184 4163 qui
1196 4095 1290 4152 ὁποι·

179 4177 243 4246 ηὶὴς
268 4195 334 4243 om,
364 4178 537 4252 συμβουλεύῃ
556 4179 588 4233 V.
607 4179 668 4234 Ald.
749 4182 767 4235 3
783 4199 810 4233 τι
828 4181 892 4248 post
913 4183 977 4254 λέγῃ
999 4181 1076 4249 ponit
1090 4179 1131 4234 Ἡ.
1148 4183 1291 4251 sequentia

179 4282 230 4320 om.
250 4266 331 4320 etiam
352 4270 383 4323 Θ.
401 4272 445 4323 Μ.
498 4265 628 4320 4Potius
647 4271 775 4338 γίγνεται
827 4268 995 4338 διέσσαρος
1011 4264 1162 4341 περιόδους
1173 4267 1291 4340 ὁμοίους
