2746 4710
203 293 238 348 74
627 293 735 350 Scholia
757 295 786 350 in
805 310 877 351 aves.

202 452 260 518 τὸν
282 450 319 519 δὲ
339 451 484 538 δεύτερον
510 450 688 540 τρίβραχυν.
735 449 807 542 ἑξῆς
837 448 895 520 δόο
924 451 980 521 καί
1002 450 1040 519 τὸ
1068 450 1225 536 πέμπτον
1243 446 1311 537 τρί-

202 580 304 643 μετρα
323 547 536 645 ἀκατόληκτα.
569 556 607 623 τδ
628 557 783 644 τέταρτον
802 554 961 643 δίμοιρον.
990 555 1029 623 τὸ
1049 557 1142 622 ἕκτον
1167 547 1312 621 ἀναπαι-

203 661 314 727 στικὸν
341 659 462 746 ὁμοίιος
491 662 573 728 κατὰ
603 662 661 750 τῆν
688 657 840 750 τετάρτην
863 657 970 749 χώραν
1001 658 1313 748 προκελευσματικὸν

203 760 284 847 ε’χον.
321 766 363 832 τὰ
385 761 458 856 ἑξῆς
479 761 634 861 τροχαῖκά
654 763 791 853 δίμετρα
809 766 894 854 πλὴν
920 771 979 833 τοᾶ
1001 762 1186 832 τελευταίου
1211 789 1312 830 κατα-

204 870 361 960 ληκτικό.]]

293 984 408 1042 237-
418 984 490 1042 249.
537 974 613 1062 λτιδ
636 969 718 1045 τεός
748 971 801 1040 Ἣ
816 973 949 1060 δευτέρα
978 972 1102 1063 στροφὴ
1127 959 1239 1038 κοίλων
1261 969 1312 1057 ιγ’.

204 1071 247 1146 ὧν
276 1079 314 1145 τδ
346 1085 477 1164 πρῶτον
501 1071 743 1146 ἀναπαιστικόν
772 1076 818 1163 δίγ
806 1103 924 1165 μετρον
952 1071 1216 1166 ἀκατάληκτον
1201 1101 1238 1141 εκ
1268 1100 1312 1140 τε-

204 1180 416 1268 τραβραχίων.
453 1183 492 1251 τὸ
513 1181 551 1266 β’
572 1179 685 1266 ὅμοιον
707 1177 865 1269 καθαρόν.
901 1181 939 1247 τὸ
961 1179 1070 1270 τρίτον
1092 1178 1224 1264 ὅμοιον,
1247 1175 1314 1261 {stov

205 1286 263 1351 τὸν
285 1283 392 1370 τρίτον
414 1285 469 1352 καί
491 1285 644 1373 τέταρτον
665 1282 755 1352 πόδα
776 1281 1007 1374 τετράβραχον,
1030 1285 1087 1351 τὸν
1107 1283 1144 1351 δὲ
1164 1282 1314 1370 τέταρτον

206 1386 385 1475 τρίβραχιν.
430 1389 468 1456 τὸ
489 1386 519 1455 ε’
542 1387 671 1474 ὅμοιον,
705 1388 763 1457 τὸν
785 1384 821 1455 α’
843 1389 898 1456 καί
920 1384 1060 1474 β’,ἒῆον
1090 1383 1181 1455 πόδα
1202 1382 1314 1474 τετρό-

206 1499 332 1580 βραχυν.
348 1494 391 1559 ’τό
414 1493 507 1560 ἕκτον
530 1492 656 1577 ὅμοιον,
680 1493 737 1560 τόν
758 1491 867 1582 τρίτον
891 1490 970 1576 ἔχον
983 1491 1073 1559 πόδα
1095 1487 1314 1579 τετρόβραχιν.

206 1597 246 1663 τὰ
268 1594 340 1686 ἑξῆς
359 1593 396 1679 ’ἐξ
416 1597 568 1684 τροχαϊκδι
590 1595 725 1685 δίμετρα
754 1594 958 1687 ἀκατάληπτα
982 1594 1220 1681 ἐπιμεμιγμένα
1250 1621 1314 1681 τρι·

206 1699 365 1787 βράχεσιν.
387 1700 423 1770 τὸ
447 1701 482 1769 δὲ
504 1696 558 1789 ιγ’,
581 1700 619 1768 τὸ
643 1695 785 1788 ἀτταγᾶς
806 1693 959 1787 ἀτταγᾶς,
981 1699 1148 1787 τροχαῖκδν
1168 1696 1315 1785 δίμετρον

206 1805 516 1894 βραχικατοίληκτον,
540 1804 570 1874 εἰ
593 1805 629 1874 δὲ
649 1805 774 1892 βούλει,
797 1804 976 1874 παιανικὸν
999 1803 1036 1872 ἐκ
1057 1806 1244 1895 κρητικῶν.]]

297 1934 491 1995 250-257,
536 1919 685 2014 ἀτταγᾶς.
731 1924 803 2013 [Ἥ
823 1924 915 2014 τρίτη
944 1924 1070 2014 στροφὴ
1095 1923 1213 1990 ’κιόλκυν
1234 1917 1315 1991 όκτο)

207 2032 401 2098 δακτυλικιᾶν
422 2030 653 2119 τετραμέτρου,
667 2030 762 2119 ’πλὴν
783 2039 841 2097 τοᾶ
865 2026 904 2112 ζ’.
946 2036 1043 2096 τοῦτο
1064 2028 1126 2116 γᾶρ
1146 2026 1316 2116 δακτυλικῆ

207 2131 327 2220 βάσκε]

297 2266 495 2330 258-,262
542 2249 630 2342 [ἀλλ’
661 2252 710 2322 ίτε
749 2254 783 2334 ἒς
814 2249 926 2341 λόγους
953 2279 961 2322 :
1003 2258 1115 2319 Ταᾶτα
1151 2251 1193 2320 τὰ
1222 2251 1316 2320 πέντε

208 2364 294 2428 κῶλα
318 2360 419 2430 ἔοικεν
452 2362 598 2450 ῑέπῳδῷ.
621 2360 676 2428 καί
699 2357 763 2426 εἶσὶ
784 2358 825 2424 τὰ
847 2358 906 2443 μὲν
929 2355 988 2425 δύο
1010 2356 1165 2445 τροχαῖκδι
1183 2354 1316 2444 δίγιετρα

208 2459 423 2555 ἀκατάληκτα.
444 2465 482 2531 τδ
506 2461 788 2554 τρίτονίαμβικὸν
809 2460 844 2528 ἐκ
865 2460 1076 2588 τριβραχὲιον,
1097 2459 1136 2527 τὸ
1159 2462 1179 2527 δ
1185 2456 1194 2483 '
1218 2485 1317 2527 παιιυ

209 2568 295 2636 νικδν
318 2565 354 2636 ἐκ
372 2559 529 2696 ἠρητικῶν
554 2564 768 2658 1διρρόδγιοιν.
799 2565 837 2632 τὸ
861 2564 1083 2650 πέμπτονγ
1037 2561 1188 2649 ἰαμβικὸν
1212 2561 1317 2655 ἔφθη-

208 2699 341 2762 μιμερες
370 2671 407 2739 ἐκ
427 2673 631 2760 τριβραχέοιν.
675 2663 725 2760 ἐφ’
755 2665 891 2759 εκάστης
923 2674 1067 2758 στροφῆς
1096 2663 1317 2801 παρόγραφος.

209 2776 269 2845 ἐπὶ
292 2777 328 2845 δὲ
348 2803 394 2866 τρι
416 2777 501 2844 τέλει
522 2773 683 2949 κορωνίς]

300 2892 413 2952 263-
423 2892 536 2950 267..

299 3013 409 3071 268-
420 3013 491 3072 309.
537 2933 656 3088 [ἀγάθ’
676 2932 746 3067 ἀλλ’
778 2995 914 3065 οὑτοσίι
937 2996 1085 3085 Κοριονις
1107 2989 1244 3078 αὖθις
1230 2996 1319 3087 ετὲρα

211 3105 373 3175 εἰσιόντων
401 3115 466 3173 τῶν
488 3104 678 3193 ὑποκριτῶν.
725 3128 756 3169 οι
779 3100 816 3169 δε
847 3100 951 3185 στίχοι
980 3099 1144 3189 τροχαϊκοὶ
1165 3100 1320 3191 τετράμε-

210 3237 283 3300 τροι
302 3210 530 3299 καταληκτικοὶ
552 3209 598 3293 μ’,
630 3201 674 3275 ὦν
695 3207 877 3285 τελευταῖος

351 3337 397 3386 καὶ
416 3336 568 3401 βλέπουσιν
587 3335 626 3390 εἰς
643 3331 673 3384 σὲ
695 3327 774 3401 κάμέ.
801 3333 882 3381 τοῦτο
901 3327 955 3398 μὲν
972 3328 1058 3397 κάμοὶ
1078 3328 1157 3381 δοκεῖ

217 3437 270 3504 θέν
299 3435 431 3503 ἐκθέσει
461 3434 497 3502 δὲ
519 3433 599 3519 μετὰ
623 3431 679 3500 τὸν
700 3427 751 3514 λζ’
776 3427 884 3513 στίχον
915 3431 1002 3496 κᾶλα
1030 3427 1168 3514 ίαμβικᾶ
1188 3426 1321 3519 δίμετρα

211 3535 417 3630 ἀκατάληκτα
437 3538 483 3624 β’.
520 3535 579 3604 ἐπὶ
600 3541 646 3624 τῷ
668 3534 751 3602 τέλει
774 3531 945 3621 κορωνίς.].

298 3670 495 3731 310-326,
542 3662 833 3744 [ποποποποποε
864 3649 1024 3732 Είσθεσις
1050 3652 1206 3741 περιόδου
1229 3651 1324 3739 ἀμοι-

213 3765 312 3851 βαίας
328 3770 386 3832 τοῦ
403 3770 499 3851 χοροῦ
521 3760 656 3829 καὶτοῦ
677 3757 855 3844 ὑποκριτοῦ
888 3753 1019 3821 4κιόλιον
1045 3755 1101 3823 καὶ
1125 3754 1244 3839 στίχοιν
1266 3750 1324 3849 ιη’.

214 3903 419 3914 Ι.....---------

302 3981 315 4033 1
335 3976 489 4046 Legebatur
508 3975 617 4044 δπηιδοῦ
707 3971 775 4026 2111
794 3969 876 4024 schol.
895 3969 946 4024 237
965 3970 1066 4040 legitur
1084 3970 1219 4040 δίμετρον
1238 3988 1325 4023 παιω-

214 4064 304 4127 νικόν,
321 4066 350 4118 in
368 4064 451 4119 schol.
470 4063 521 4118 327
539 4057 730 4134 τετράμετρον.
764 4059 876 4126 apparet
898 4057 984 4126 igitur
1001 4056 1176 4111 scholiastam
1197 4055 1325 4112 hocloco

215 4155 305 4207 vetere
329 4151 429 4206 scholio
454 4166 533 4204 usum
556 4164 624 4202 οεεο
745 4147 762 4201 3
785 4144 867 4199 Recte
884 4143 985 4198 Aldina
1010 4143 1117 4197 exhibet
1143 4144 1174 4196 ἐν
1192 4147 1325 4204 εἰσοίσει,

216 4238 288 4309 quod
316 4236 494 4306 legebatur
486 4253 516 4290 ιιι
547 4237 638 4290 vetere
670 4232 770 4288 scholio
800 4229 947 4285 Heliodori.
1085 4231 1104 4286 4
1132 4229 1201 4285 Post
1232 4227 1326 4283 κώλων

216 4324 307 4383 addidi
326 4327 373 4378 καὶ
