2746 4710
134 259 169 315 τι
300 223 303 235 '
562 255 669 311 ειιιοιιι
686 254 715 309 in
734 270 821 312 mm

131 414 167 483 ἐκ
183 420 297 502 χοροῦ,
320 410 363 492 ὡς
386 409 525 500 ἀνέγνων
548 413 581 479 έν
598 409 825 499 Ἀγαμέμνονι,
846 407 986 501 δράματι
1000 408 1175 495 Αἰσχύλου.
1203 409 1242 478 τὸ
1320 502 1323 508 .

131 515 163 585 ε’
186 517 301 603 ὅμοιον
322 513 514 604 dt'poevqov.³
501 515 571 583 ἐστι
592 500 628 584 δέ
647 515 795 605 ἡμιτελὲς
815 515 966 584 ἐνταῦθα.
987 515 1025 584 τὸ
1035 517 1111 644 γὰρ
1105 512 1242 584 τέλειόν
1306 511 1307 514 “

131 620 232 706 ἐστιν,
262 617 396 703 ,,αἰσιον
417 613 541 710 ἀνδρῶν
563 619 731 691 ἐκτελέων·
724 628 761 659 ·“
792 619 875 710 ὅπερ
898 617 1000 710 ἓιγθηγ
1001 619 1121 747 ιριερές
1138 620 1242 689 ἐστιν.
1317 662 1320 669 ·

131 724 190 793 ε’πί
213 732 260 814 τῷ
284 724 368 793 τέλει
390 721 614 814 παράγραφος.
636 720 708 815 ἑξῆς
727 725 764 792 δὲ
787 721 933 815 σύστημα
956 723 1040 793 κατὰ
1059 724 1243 813 περικοπὴν

62 910 67 921 1
131 827 362 915 ἀνομοιομερὲς
390 825 506 911 στίχων
536 826 697 914 ίαμβικῶν
727 830 905 916 τριμέτρων
942 822 1170 919 σίκαταλήκτων
1199 827 1243 910 ἕξ,

130 933 190 1001 ε’πί
211 937 257 1021 τιῖ
277 932 364 999 τέλει
387 932 611 1022 παρέγραφος.
656 929 808 1016 δγιέντοι
838 930 930 1013 ἕκτος
957 930 1066 1014 στίχος
1096 928 1131 999 έν
1156 952 1244 998 τισιν

132 1029 168 1105 οὗ
190 1041 311 1104 κεῖται·
338 1027 418 1120 οἷον,
442 1033 500 1104 ἴθι
520 1036 559 1127 δὴ
581 1037 743 1124 πέραινε.]]
824 1062 829 1069 ·

133 1197 135 1201 ·
220 1181 472 1241 1285-1295.·
506 1171 622 1260 βδπως
639 1165 1040 1261 Ἀχαιῶνεᾯιδὴκώλων
1061 1168 1118 1240 ιδ’.
1141 1165 1243 1247 ὦντδ

131 1281 259 1367 πρῶτον
282 1275 433 1364 ἰαμβικὸν
454 1273 685 1367 ἓφθκγγιιμερές.
714 1278 751 1345 τδ
774 1273 808 1363 β’
833 1274 1070 1345 οἰναπαιστικδν
1095 1273 1243 1367 ἓφθνγγιι-

128 1381 234 1469 μερές.
262 1381 300 1449 τὸ
322 1381 357 1449 δ’
378 1372 568 1451 δακτυλικδν
590 1381 843 1471 πενθηγιιγιερές.
886 1381 924 1449 τδ
947 1381 977 1448 ε’
1000 1377 1242 1470 Φερεκράτειον.

129 1485 167 1552 τδ
191 1481 219 1569 ζ’
241 1483 410 1575 τρίμετρον
436 1478 663 1575 ἄκατοίληκτον.
698 1485 736 1554 τδ
758 1485 792 1575 ιγ’
823 1482 979 1572 δίμετρον.
1015 1486 1054 1585 τδ
1077 1485 1104 1554 ι’
1125 1484 1242 1572 ὅμοιον

18 1658 21 1664 ,
46 1664 51 1671 ,
130 1593 177 1679 τῷ
200 1587 245 1655 α’.
270 1589 308 1656 τδ
330 1590 376 1656 ια’
400 1589 512 1675 ὅγιοιον
532 1596 579 1678 τῷ
600 1586 644 1676 β’.
676 1589 713 1658 τὸ
735 1586 784 1674 ιβ’
808 1583 1065 1658 ἄντισπαστικδν
1090 1589 1244 1678 δίμττρον

129 1688 345 1783 ἀκατάληκτον
374 1693 626 1780 έπιμεγιιγμένον
657 1693 837 1782 διτροχαίιγ.
874 1693 932 1760 ε’πί
954 1700 1002 1784 τῷ
1023 1694 1109 1762 τέλει
1131 1691 1243 1784 παροί-

127 1822 258 1887 γραιγος.
302 1797 340 1866 τὸ
364 1791 397 1865 δ’
420 1797 571 1886 ἐφύμνιον
591 1797 742 1887 δίγιετρον
759 1797 909 1884 ἰαμβικὸν
928 1791 1176 1889 ιίκατάίιγκτον.]]

219 1946 350 2004 1296-
363 1945 457 2004 1308.
504 1933 619 2024 [[τί
585 1963 623 2004 το
645 1936 927 2027 φλαττόθρατε
902 1937 1017 2064 Σύσγηγ
1018 1964 1051 2004 ια
1074 1938 1157 2005 κατὰ
1180 1964 1242 2034 πε-

129 2041 266 2129 ρικοπὴν
295 2041 442 2126 δνομοιογ
430 2040 525 2129 μερίς
546 2039 663 2124 στίχων
693 2039 728 2107 ἰα
728 2046 853 2126 γιβικιῦν
881 2044 1058 2151 τριμέτρων
1079 2038 1242 2134 ἀκαταλή-

128 2169 211 2211 κτων
233 2169 289 2231 ιγ.
321 2143 380 2211 έπί
402 2151 449 2233 τιβ
469 2144 555 2213 τέλει
578 2140 820 2237 παράγραφος]
1103 2157 1107 2168 “

207 2265 353 2351 1309-
364 2291 447 2350 1369
451 2335 866 2355 .........
899 2298 919 2352 ’.
1072 2337 1080 2353 .
1233 2342 1241 2358 .

218 2413 457 2473 1370-1377.
503 2402 687 2491 [e‘rct'novot'
715 2398 747 2491 γ’
769 2402 800 2472 οἰ
830 2402 962 2485 δεξιοίε
1000 2403 1151 2493 Κορωνὶς
1184 2407 1242 2475 καί

128 2502 277 2587 εἰσθεσις
298 2507 414 2592 μέλους
442 2516 538 2597 χοροῦ
560 2506 743 2598 προγνδική,
783 2509 838 2576 διδ
863 2510 901 2577 τὸ
932 2507 1163 2597 προτίθεσθαι
1183 2517 1242 2602 τῆς

127 2609 314 2699 κορωνίδος,
353 2612 389 2682 ἐκ
410 2609 518 2680 κώλων
538 2618 714 2702 τροχαίκῶν
743 2613 999 2699 ἐπιμεμιγμένων
1025 2612 1165 2702 χορείαις
1185 2617 1241 2684 καὶ

127 2710 259 2800 ἰάμβοις
278 2711 321 2805 η’.
343 2709 388 2783 ὦν
410 2717 451 2784 τὰ
473 2716 507 2804 γ’
530 2714 755 2808 ἑφθργιιγιερῆ·
784 2717 826 2784 τὰ
847 2709 880 2784 δ’
901 2715 982 2784 ἰίλλα
1005 2716 1139 2809 δίμετρα
1162 2713 1240 2789 ἅκα-

127 2818 281 2909 τοίλιγκτα,
318 2822 402 2911 πλὴν
426 2828 484 2890 τοῦ
512 2819 695 2890 τελευταίου
726 2819 945 2911 ἰθυφαλλικοῦ
969 2819 1068 2902 ὄντος.
1112 2822 1171 2893 έπί
1192 2831 1242 2915 τῷ

126 2921 211 2991 τέλει
233 2922 396 3014 κορωνίς.]]

217 3069 354 3129 1378-
363 3070 457 3130 1481.
506 3059 586 3149 [[ίθι
608 3068 662 3130 νῦν
663 3060 945 3150 παρίστασθον·
975 3062 1158 3151 Κορωνιςε
1144 3065 1241 3154 ετέρα

127 3159 294 3230 εἰσιόντων
317 3168 381 3230 τῶν
406 3164 598 3252 ὑποκριτῶν.
637 3163 669 3231 οἰ
694 3166 730 3233 δέ
759 3164 865 3249 στίχοι
893 3163 1043 3252 ἰαμβικοί
1073 3167 1138 3256 τρίγ
1125 3193 1241 3258 γιετροι

127 3261 345 3387 οἰκατοίληκτοι
367 3267 446 3355 ριε’·
475 3295 518 3335 ων
540 3271 722 3350 τελεοταιος

149 3407 151 3410 ⁴
249 3410 252 3415 ·
335 3388 368 3456 νὴ
387 3387 436 3445 τὸν
453 3391 519 3443 Δί’·
538 3391 571 3444 οὐ
591 3392 646 3462 γὰρ
666 3389 793 3465 ἄχθομαι
811 3398 849 3463 τῷ
868 3390 1026 3467 πράγματι.

127 3490 187 3560 ἐπί
207 3496 255 3581 τῷ
276 3491 361 3560 τέλει
383 3489 546 3580 κορισνίςβ

215 3639 299 3700 1482
311 3672 352 3681 -—-
364 3638 458 3698 1499.
506 3630 710 3756 βγιακάριονε
734 3633 883 3726 Κορωνὶς
906 3633 959 3700 καί
976 3630 1125 3716 εἰσθεσις
1138 3643 1240 3725 χοροῦ

122 3730 286 3826 έπιγδική,
325 3734 379 3803 διὰ
413 3734 452 3802 τδ
482 3734 564 3820 μετὰ
592 3735 649 3826 τὴν
677 3735 858 3824 κορωνίδα
869 3743 1018 3822 κεῖσθαι,
1058 3738 1094 3806 ἐκ
1125 3736 1238 3808 κώλων

125 3843 304 3933 τροχαϊκων
332 3837 592 3925 ἐπιμεμιγμένων
617 3838 757 3927 χορείοις
783 3842 840 3908 καί
859 3837 992 3927 ἰάμβοις
1012 3842 1067 3911 καί
1089 3835 1238 3912 οἰναπαί-

126 3965 217 4022 στοις
243 3941 400 4030 διμέτρων
424 3933 662 4011 ὀκτωκαίδεκα·
699 3971 743 4011 ων
757 3945 805 4011 τὰ
828 3945 887 4029 γιδν
910 3942 945 4012 α’
948 3942 1031 4032 ,β,
1061 3944 1093 4034 γ’
1123 3945 1211 4036 η’,ι
1219 3951 1236 4034 ’,

127 4044 177 4112 ια’
180 4044 276 4130 ,ιβ’,
308 4046 365 4128 ιδ’,
397 4073 426 4112 ιε
435 4043 732 4136 ’καταληκτικδι’
712 4075 784 4138 ιγτοι
811 4046 950 4138 εφθιγ
914 4076 937 4116 ιι
900 4077 1017 4139 ιεριγ
1041 4045 1237 4140 Εὗριπίδεια

125 4099 322 4239 ἢίηκίθια
345 4176 387 4216 τα
407 4143 441 4217 δ
463 4148 544 4217 ἄλλα
567 4144 789 4242 οἰκατιίλτγκτα,
814 4153 898 4244 πλὴν
920 4161 977 4221 τοῦ
997 4151 1039 4223 θ’
1062 4158 1118 4222 καὶ
1132 4161 1237 4225 τελευ-

125 4250 218 4321 ταίου
240 4255 547 4345 βραχνκαταλήκτων
570 4253 804 4347 ἰθαφαλλικῶν.
828 4256 887 4324 ἐπί
909 4266 956 4348 τῷ
972 4259 1057 4329 τέλει
1071 4259 1235 4352 κορωνίς.]]
