2746 4710
53 249 166 313 saa

127 408 223 476 schol.
248 412 325 481 651,
361 392 450 488 io'll
474 395 508 464 αὶ
534 391 771 486 ἀμφοτέρωθεν
799 393 861 477 ἔξω
882 397 1016 475 διπλαῖ,
1054 399 1240 466 seductam

79 573 83 581 .
124 513 294 578 lectionem
322 507 451 578 habebis
472 505 593 579 ,codicis
614 504 652 568 V.
676 503 782 587 signis
795 567 798 572 ,
813 504 990 587 carentem,
1035 505 1106 568 tum
1144 505 1240 570 schol.

129 623 209 696 426,
247 611 287 677 τὰ
316 608 351 676 δὲ
374 604 446 697 ἑξῆς
480 604 612 691 ἰαμβεῖα
633 596 726 692 μέχρι
749 606 805 670 τοῦ
836 601 1009 687 »ὑπότεινε
1031 605 1071 693 δὴ
1095 612 1167 685 πᾶς
1189 607 1241 671 καὶ

128 713 246 803 κάταγε
268 719 375 781 τοῖσιν
395 707 534 797 κάλῳς,“
556 705 615 776 ἐπὶ
634 715 681 796 τῷ
705 707 789 774 τέλει
813 705 957 795 κοριονίς.
1002 710 1115 776 desunt
1138 713 1241 777 autem

125 826 216 908 signa
237 824 271 887 in
293 837 329 885 co
352 817 470 884 scholio
494 815 576 900 quod
597 815 692 899 paulo
716 817 788 898 post
810 815 928 898 legitur
950 815 1056 899 (435),
1080 815 1184 902 διπλῆ
1207 812 1241 879 δὲ

128 923 185 992 καὶ
207 923 240 989 ἒν
263 917 411 988 uindicet
440 917 546 1000 στίχοι
568 914 717 1002 ἶαμβικοὶ
749 913 912 1005 τρίμετροι
937 910 1156 1005 ἄκατάλιμτοι
1179 913 1239 1000 κδ’,

130 1020 174 1094 ὧν
194 1028 376 1102 τελευταῖος
404 1017 582 1109 ,,ιῖ·πότεινε
602 1019 642 1109 δὴ
670 1025 738 1098 πᾶς
747 1027 773 1100 ,“
803 1022 858 1087 ubi
886 1022 983 1088 iidem
1011 1042 1122 1090 versus
1144 1023 1241 1108 expli·

127 1135 249 1198 cantur.
293 1149 392 1194 unum
417 1130 543 1193 tantum
574 1128 675 1192 restat
706 1126 859 1192 scholium
882 1133 962 1205 819,
989 1127 1078 1192 cuius
1106 1128 1241 1212 genuina

124 1238 279 1303 lecticae
302 1253 377 1299 vera
398 1233 476 1299 haec
503 1231 563 1297 fuit
586 1229 657 1297 sine'
676 1230 789 1310 dubio,
828 1225 978 1317 κορωιίς,
1014 1230 1155 1316 προΐασι
1183 1231 1241 1318 γὰρ

130 1335 162 1405 οἳ
193 1327 367 1424 {acceptasti
393 1333 449 1400 καὶ
479 1329 510 1399 οἱ
546 1332 604 1415 μὲν
633 1337 760 1420 πρῶτοι
796 1329 901 1414 στίχοι
933 1327 1048 1418 ἴαμβοι
1079 1331 1242 1422 τρίμετροι

128 1434 345 1528 ἅκατάληκτοι
364 1433 425 1517 λς’.
469 1438 674 1503 nihilominus
703 1456 765 1503 uno
790 1438 824 1502 in
853 1437 972 1520 scholio
1000 1440 1129 1521 antiquo
1153 1440 1241 1506 nobis

126 1548 295 1614 occurrunt
318 1545 409 1627 signa
430 1543 463 1607 in
485 1543 566 1622 fine,
597 1561 675 1625 quae
707 1561 726 1608 a
748 1541 930 1607 recentioris
960 1545 1112 1626 temporis
1136 1563 1240 1628 gram·

126 1650 250 1716 matiois
271 1647 378 1714 addita
401 1666 469 1712 esse
493 1666 555 1712 non
576 1647 741 1726 videntur,
771 1665 818 1730 eq.
840 1653 919 1724 973,
950 1643 1164 1733 παράμραφοι
1185 1645 1241 1730 μὲν

130 1751 243 1827 πέντε,
267 1747 286 1837 ἡ
309 1748 344 1816 δὲ
361 1747 396 1828 ς’
418 1747 472 1813 καὶ
495 1748 577 1832 μετὰ
600 1744 789 1835 κορωνίδος,
811 1750 865 1815 ubi
889 1750 929 1815 ad
949 1751 1157 1836 disiungenda
1178 1752 1241 1817 siu·

126 1858 202 1942 gula
227 1855 414 1922 semiohoria
441 1855 683 1938 interponuntur
711 1855 925 1938 paragraphis
955 1855 1116 1956 quaeritur
1149 1858 1240 1937 enim,

127 1964 236 2026 utrum
271 1961 332 2025 hoc
368 1978 493 2024 carmen
530 1959 820 2042 monostrophicum
850 1978 869 2024 a
898 1960 965 2024 toto
1004 1961 1117 2040 choro,
1155 1980 1241 2027 ana

117 2064 323 2132 semichoriis
356 2063 587 2129 alternantibus
614 2062 842 2147 pronuntietur.
887 2057 1053 2147 propterea
1083 2064 1239 2130 hocloco

128 2169 341 2253 paragraphus
358 2168 483 2232 omnino
499 2166 676 2232 necessaria
693 2168 756 2245 est,
773 2168 870 2233 verba
885 2169 991 2233 autem
1007 2186 1087 2252 quae
1106 2188 1240 2252 sequun-

119 2273 182 2338 tur
203 2321 220 2351 „
229 2268 311 2354 μετὰ
334 2265 534 2357 aoprovr'dogl‘
566 2269 729 2336 referenda
750 2273 824 2336 sunt
846 2270 886 2335 ad
908 2271 1063 2337 scholium
1087 2281 1150 2339 397
1174 2271 1239 2339 cod.

130 2375 183 2453 V.,
217 2371 382 2460 (·Λιπι’ὶῆ)·Ι
414 2369 465 2437 ὅτι
496 2368 635 2437 εἰσίασιν
669 2368 701 2437 οἱ
736 2369 910 2461 ὑποκριταί
917 2425 925 2454 ,
964 2375 1018 2440 ubi
1049 2375 1240 2442 desideratur

129 2479 248 2543 mentio
281 2476 451 2554 coronidis,
489 2495 568 2558 quae
603 2477 719 2558 ubique
748 2478 781 2541 in
817 2478 945 2543 scholiis
976 2478 1115 2562 antiquis
1154 2479 1240 2546 novis

68 2626 70 2631 η
129 2579 320 2646 intrantibus
340 2579 544 2646 histrionibus
565 2578 692 2663 periodo
715 2582 865 2646 metricae
884 2583 1084 2666 propositum
1105 2567 1239 2652 uocabu-

130 2684 198 2748 lum
221 2686 338 2774 antem
357 2682 509 2771 „drnilfl
537 2683 693 2749 hocloco
725 2687 773 2750 est
802 2688 1036 2766 removendum.
1083 2688 1240 2755 alterum¹

129 2789 222 2854 huius
244 2790 290 2854 rei
311 2789 488 2872 exemplum
518 2790 620 2859 exstat
646 2790 680 2854 in
711 2789 807 2855 schol.
830 2809 898 2873 pau.
923 2798 1023 2872 1333,
1062 2785 1241 2868 dormirem

130 2890 284 2980 φέρονται
305 2886 387 2957 κατά
408 2916 498 2970 τινας
512 2890 726 2980 παράγραφαι
743 2894 869 2987 (melius
889 2891 1124 2982 παραγραφοι),
1151 2889 1240 2960 ἵναὸ

127 2996 225 3082 χορὸς
244 2986 306 3060 ἀνὰ
327 2993 425 3081 μέρος
447 2987 530 3061 αὐτὰ
555 2993 638 3082 λέγῃ.
672 2999 797 3082 praeter
814 2999 892 3064 duos
909 3000 967 3065 hos
982 3000 1068 3092 locos
1084 3019 1242 3067 summum

114 3099 163 3163 in
186 3108 250 3165 usu'
268 3101 461 3185 paragraphi.
473 3120 659 3167 consensum
677 3104 878 3185 praebentes,
901 3123 972 3169 curn
988 3124 1145 3189 nusquam
1156 3105 1241 3171 eius-

132 3202 203 3266 dem
223 3202 280 3268 fiat
301 3205 438 3282 mentio,
465 3207 696 3288 paragraphum
717 3206 758 3270 in'
774 3206 911 3273 ffiverbio
937 3206 976 3274 ad
1004 3209 1242 3293 significandam

129 3325 334 3391 personarum
353 3308 595 3373 alternationem
616 3311 702 3375 non²
724 3310 903 3389 adhibitam¹
917 3331 1001 3393 esse,
1025 3331 1150 3381 summa
1170 3334 1242 3380 cum
1292 3375 1294 3379 ,

129 3411 350 3494 probabilitate
373 3411 526 3477 coniicerc
549 3411 634 3478 licet.

220 3548 252 3631 2)
275 3547 395 3613 Deinde
417 3567 492 3613 usus
512 3547 582 3625 ille,
612 3567 706 3632 quem
727 3549 810 3634 apud
841 3551 1028 3618 scholiastae
1050 3553 1243 3637 Byzantinos

131 3641 364 3736 cognoscimus,
402 3652 585 3717 nominandi
621 3654 704 3718 totas
739 3654 884 3737 periodos
906 3644 1076 3740 'signorum
1106 3658 1244 3724 nomini·

217 3892 233 3947 1
260 3891 334 3957 Quia
354 3888 398 3964 ὑφ’
420 3891 438 3943 t
458 3892 497 3961 (in
515 3891 598 3946 schol.
618 3893 698 3963 1353)
716 3895 826 3963 respicit
842 3895 924 3950 verba
950 3897 989 3967 (in
1009 3898 1091 3952 schol.
1105 3901 1192 3968 ’1329)
1206 3899 1243 3955 ,τὰ

130 3973 155 4028 ε’
176 3981 225 4028 τοῦ
245 3978 329 4030 αὐτοῦ
346 3981 451 4050 μέτρου
472 3983 521 4032 τοῦ
535 3986 636 4051 χοροῦ,
655 3996 693 4035 ca.
706 3996 774 4050 quac
792 3986 940 4050 sequuntur
958 3983 993 4038 ad
1011 3984 1095 4039 ahum
1110 3985 1243 4056 interpre-

129 4064 185 4115 tem
203 4061 328 4117 videntur
345 4078 404 4117 esse
424 4064 571 4120 referenda.

216 4168 233 4221 2
259 4164 301 4218 cf.
319 4166 400 4220 schol.
421 4184 480 4236 pac.
500 4169 515 4222 1
539 4172 566 4224 et
583 4169 638 4225 alia
657 4168 793 4237 permulta·
811 4172 883 4239 apud
900 4130 1062 4228 recentiores
1082 4174 1242 4230 scholiastes

128 4252 266 4320 exempla,
291 4253 339 4305 ἐπὶ
357 4259 416 4313 ταῖς
435 4254 590 4309 ιῖποθέσεσι
610 4259 657 4308 καὶ
676 4261 714 4324 τῷ
730 4259 800 4309 τέλει
820 4257 1015 4334 παράγραφος.
