2746 4710
62 226 72 255 l

192 269 227 327 90
614 272 721 329 Scholia
737 275 765 328 in
783 290 884 344 pacem.

191 421 385 514 dptoaessut'ug‘
390 457 433 518 μη
443 427 460 497 ’.
506 428 564 497 ἐπὶ
592 437 638 518 τῷ
667 431 752 498 τέλει
779 438 843 498 τῶν
873 430 930 516 μὲν
956 437 1012 499 τοῦ
1038 441 1135 520 χοροῦ
1159 432 1301 521 κορωνίς,

411 541 424 553 ιι
474 532 481 555 ί
510 531 528 556 )Ι

190 540 247 622 τῆς
269 533 304 600 δὲ
327 537 445 622 διπλης
467 562 480 599 ι
507 535 569 613 εξω
590 536 701 623 διπλῆ.
743 533 801 600 ἐπὶ
828 534 936 620 μέντοι
958 541 1031 616 ταῖς
1053 531 1303 628 α’ποδέσεσινὴ

192 636 334 727 σνίθυε
357 637 600 727 sauppe-l

279 785 474 845 651-657.
520 769 601 865 (ἃττ’
625 772 663 841 ι’λν
685 769 740 843 οόν
762 775 882 867 λέχρςε
916 781 1053 868 Διπλῑη1
1074 778 1130 845 καὶ
1153 775 1302 859 εἴσδυσις

190 879 238 960 εἰς
259 881 357 965 μέλος
379 880 564 967 τροχσῖκόν,
596 873 632 947 οὗ
656 879 754 974 πέντε
774 880 833 965 μέν
861 881 931 948 ἐστι
954 886 1040 948 κῶλα
1062 880 1197 971 δι’μετρα
1220 877 1300 950 οἶκα-

189 981 349 1074 τόληκτα,
373 986 410 1052 τὸ
433 985 470 1052 δὲ
490 981 524 1066 ς’
549 982 779 1074 ἓφδημιμερές.
802 984 835 1052 ἒν
856 985 989 1053 ἐκθέσει
1010 987 1047 1054 δὲ
1068 985 1226 1073 ἰαμβεῖον.
1248 983 1299 1078 ὑφ’

190 1081 264 1157 dal
288 1083 522 1179 ἀμφοτέρωθεν
546 1087 607 1170 ἔξω
630 1091 770 1178 διπλαῖ.)

279 1235 473 1295 658-728.
520 1225 600 1315 (ἀλλ’
624 1229 680 1295 υύκ
701 1227 738 1294 όν
759 1224 848 1295 εἴποι
871 1253 878 1296 :
904 1233 1046 1319 Διπλῑη2
1072 1229 1128 1296 καὶ
1152 1227 1300 1311 εἴσδυσις

190 1331 280 1419 παρὰ
297 1333 335 1399 τό
358 1328 569 1420 τετράμετρον
590 1329 636 1410 εἰς
659 1328 795 1416 lappam}
819 1331 973 1421 τρίμετρον
996 1328 1061 1417 οβ’.
1098 1334 1181 1416 μετὰ
1204 1333 1299 1400 δὲτὰ

189 1435 239 1502 λε’
262 1433 331 1503 ἔστι
355 1435 620 1524 προανυιμύνημα
640 1435 678 1502 τό
701 1429 727 1502 τό
750 1431 798 1522 τό.)

279 1583 474 1640 729-774.
512 1570 580 1659 (Ἥ
602 1569 811 1661 3παράβασις
833 1573 910 1662 υιύιη
936 1567 992 1640 ου’ν.
1013 1572 1082 1642 ἔστι
1100 1570 1218 1640 τελεία.
1242 1580 1299 1642 τού

182 1666 249 1765 Ιγδιρ
272 1675 489 1765 ἐπιρρήματος
512 1677 566 1743 καὶ
591 1673 866 1767 άντυπιρρήμυιτος
887 1677 1062 1767 ἐστέρηται.
1100 1674 1170 1744 ἔστι
1193 1675 1298 1744 τοίνυν

278 1977 563 2049 1σλ.κωλομιιριιο
679 1976 756 2030 2Cf.
777 1981 966 2050 κωλομετρίιιν
1071 1979 1088 2032 3
1110 1976 1189 2031 Alius
1209 1993 1296 2047 gram-

191 2066 304 2121 maticus
322 2065 388 2120 haee
399 2066 527 2119 annotat:
547 2065 629 2131 (733.)
644 2068 719 2136 χρῆν
729 2064 783 2135 μὲν
800 2061 925 2116 τύπτεινι
946 2064 1019 2132 (Νῦν
1032 2061 1191 2135 παραβάσει
1205 2068 1295 2138 κέχρη-

188 2175 234 2207 ται
252 2152 267 2206 ό
283 2151 387 2225 χορός,
406 2152 495 2222 μηδὲν
513 2154 577 2222 περὶ
597 2155 647 2202 τοῦ
666 2154 851 2220 προκειμένου
870 2153 957 2219 λέγων
976 2149 992 2216 ἢ
1013 2149 1064 2204 τόν
1080 2148 1199 2227 ποιητὴν
1217 2152 1294 2203 ἔπαι-

188 2245 252 2294 νιῦν.
288 2237 450 2307 παράβασιν
477 2234 593 2289 ἐκάλουν
622 2235 678 2288 άπό
708 2241 756 2288 τοῦ
783 2242 968 2311 παραβαίνειν
993 2236 1044 2289 τόν
1065 2235 1157 2309 χορόν
1178 2236 1236 2289 άπὸ
1253 2241 1296 2303 τῆς

189 2330 393 2397 νενομισμέμης
416 2321 537 2382 στάσεως
563 2329 601 2381 είς
625 2321 674 2389 τὴν
697 2322 860 2396 καταντικρύ
885 2327 934 2375 τοῦ
958 2321 1078 2395 θεάτρου
1097 2320 1180 2392 όιμιν,
1210 2320 1293 2375 ὁπότε

188 2410 314 2480 ἐβούλετο
333 2411 347 2463 ό
364 2408 477 2476 ποιητὴς
495 2411 681 2477 διαλεχθῆναί
696 2430 722 2461 τι
744 2410 793 2470 ἔξω
811 2413 857 2475 τῆς
882 2409 1044 2468 ὑποθέσεως
1067 2407 1134 2462 άνευ
1153 2413 1209 2462 τῶν
1228 2408 1294 2462 ύπο-

188 2502 291 2569 κριτῶν
309 2496 379 2569 πρὸς
399 2495 430 2548 τό
450 2501 568 2567 θέατρον
593 2494 660 2548 ’διὰ
687 2501 734 2547 τοῦ
753 2502 851 2568 χοροῦ.
887 2496 1036 2568 ἐστρέφετο
1058 2496 1086 2548 δὲ
1113 2493 1128 2547 ό
1142 2493 1233 2568 χορὸς
1250 2499 1294 2548 καὶ

188 2584 314 2651 ἐγίνοντο
345 2581 479 2652 1’στοῖχοι
506 2581 544 2635 δ’.
581 2583 640 2635 εἶτα
669 2580 831 2640 διελίλόντες
855 2580 905 2649 την
931 2585 1103 2652 καλουμένην
1131 2579 1293 2654 παράβασιν

186 2670 353 2743 ἐστρέφοντο
373 2666 459 2721 πάλιν
480 2675 518 2729 είς
536 2667 586 2735 τὴν
605 2671 742 2741 προτέραν
761 2665 868 2721 στάσιν.
907 2668 993 2734 δῆλον
1012 2668 1042 2721 δὲ
1061 2673 1196 2722 ποιοῦσιν
1216 2665 1293 2720 αὐτοὶ

187 2760 216 2808 οἱ
236 2760 366 2823 ποιηταί,
384 2753 414 2808 τό
434 2759 602 2827 στρέφεσθαι
626 2759 811 2824 σημαίνοντες
830 2759 876 2806 καὶ
894 2753 926 2806 τό
944 2759 1139 2826 παραβαίνειν.
1176 2751 1294 2806 Πλάτων

186 2843 216 2896 έν
237 2848 274 2910 τῷ
292 2843 503 2916 Πιιιδιιρίρι,,ελ
521 2842 575 2911 μέν
592 2839 631 2912 μὴ
648 2844 713 2893 λίαν
730 2837 883 2907 “,ὢ’νδρες
911 2837 1106 2910 ἠναγκαζόμην
1138 2840 1142 2908 Ι
1177 2832 1294 2913 στρέιβαι

186 2929 270 3000 δεῦρ’,
290 2927 339 2980 ούκ
358 2927 393 2981 άν
406 2933 526 3000 παρέβην
547 2932 586 2987 εἰς
604 2930 680 2988 λέξιν
699 2923 813 2982 τοιάνδ’
834 2928 944 2990 έπῶν,“
967 2922 1056 2996 άμιβω
1080 2923 1224 2995 σημάνας,
1249 2928 1294 2978 καὶ

185 3014 215 3067 τό
236 3019 405 3088 στρέφεσθαι
423 3018 470 3066 καὶ
491 3012 523 3066 τό
543 3019 734 3086 παραβαίνειν.
771 3018 909 3084 Κρατῖνος
934 3012 965 3064 δὲ
987 3012 1017 3064 έν
1034 3016 1065 3084 τῇ
1085 3014 1197 3080 Πυλαίην
1217 3013 1296 3078 δηλοῖ

187 3100 274 3161 dul}
293 3102 351 3153 ἔστι
371 3101 437 3168 ζυγά
458 3104 506 3152 τοῦ
521 3105 618 3173 χοροῦ.
653 3097 718 3152 όδὲ
737 3103 819 3165 νοῦς,
851 3099 934 3172 ἐχρῆν
951 3103 1018 3169 μέν,
1050 3102 1077 3149 εἴ
1101 3117 1143 3156 τις
1160 3100 1293 3169 κωμῳδο-

186 3184 302 3252 ποιητὴς
321 3185 420 3239 ἑαυτὸν
439 3184 533 3259 ἐπῄνει
554 3183 711 3258 παραβάσει
726 3181 885 3259 χρώμενος,
904 3183 970 3243 τοὺς
983 3181 1156 3256 ῥαβδούχους
1173 3184 1294 3241 ἐκείνους

184 3269 299 3324 τύπτειν
316 3270 425 3323 ᾱαύτόν
441 3269 477 3330 ὠς
495 3272 615 3344 ἀπρεπές
635 3291 661 3322 τι
680 3267 967 3342 Βμεταχειριζόμινον.
988 3273 1012 3320 εἰ
1031 3269 1062 3322 δὲ
1081 3273 1189 3341 πρέπον
1208 3272 1293 3334 ἐστίν,

185 3355 344 3422 ὥΜοῦσα,
375 3355 473 3411 ἑαυτόν
491 3357 636 3410 ἐπαινέσαι
655 3355 734 3419 τινά,
765 3359 852 3427 φησὶν
870 3355 885 3407 ὁ
903 3352 1072 3413 διδάσκαλος
1096 3352 1190 3424 ἡμῶν,
1221 3356 1290 3407 τοῦτ’

184 3444 260 3498 ἔστιν
277 3443 303 3496 ό’
315 3441 529 3517 Ἀριστοφάνης,
550 3441 624 3504 άξιος
640 3441 711 3495 εἶναι
730 3444 835 3508 πολλῆς
855 3445 951 3514 τιμῆς,
971 3439 1063 3503 ὅστις,
1088 3437 1293 3512 Ἀριστοφάνης,

184 3528 293 3604 άριστος
311 3532 465 3599 γεγένηται.
486 3527 556 3595 ἦσαν
575 3529 605 3582 δὲ
622 3528 669 3580 ἐπὶ
688 3531 734 3594 τῆς
752 3530 875 3598 θυμέλης
895 3522 1070 3600 ῥαβδοφόροι
1088 3526 1186 3591 ῐτινές,
1207 3529 1237 3578 οῗ
1246 3529 1292 3592 τῆς

184 3616 332 3686 εὐκοσμίας
349 3605 477 3686 ἐμέλοντο
497 3613 552 3667 τῶν
577 3618 695 3668 θεατῶν.
733 3613 748 3680 ἢ
768 3610 940 3685 ῥαβδούχους
966 3612 1026 3664 εἷπε
1050 3611 1113 3671 τούς
1132 3612 1227 3684 κριτάς
1244 3616 1293 3665 τοῦ

184 3701 300 3770 ἀγῶνος,
322 3699 370 3762 οὓς
388 3699 403 3753 ὁ
422 3699 535 3767 ποιητὴς
553 3697 725 3771 αἰσυμνήτας
744 3699 829 3752 εἶπεν.
871 3699 931 3753 735.
952 3696 1081 3776 παραβάς
1099 3699 1129 3751 έν
1146 3705 1206 3758 τοῖς
1224 3699 1293 3754 ἄνα-

183 3793 329 3846 παίστοιςε
350 3793 452 3842 Πάσαν
473 3791 668 3857 εῑπαρέκβασιν
687 3784 876 3845 ἀναπαίστοις
894 3788 974 3854 λέγει.
996 3814 1027 3823 -
1055 3783 1141 3839 ardu
1155 3784 1248 3854 χορόν
1259 3784 1291 3838 V.

183 3878 232 3925 τοῦ
245 3878 334 3947 χοροῦ
352 3874 440 3929 Dubn.
531 3874 547 3928 b
566 3873 707 3942 legebatur
730 3878 834 3941 στίχοι,
860 3871 932 3941 quod
957 3869 1110 3925 emendavit
1127 3870 1208 3929 Dind.
1228 3873 1293 3927 duce

183 3957 266 4012 Suida
283 3976 304 4013 s.
322 3959 492 4033 Παράβασις.
581 3977 595 4014 e
612 3961 665 4030 μὲν
683 3977 734 4015 om.
753 3960 800 4023 V.;
818 3960 882 4027 pest
900 3960 964 4012 λίαν
982 3957 1080 4012 desunt
1097 3957 1218 4028 syllabae
1236 3960 1292 4012 tres

185 4050 280 4109 υυη
314 4059 377 4098 nam
400 4047 515 4098 metrum
542 4049 584 4100 est
607 4045 798 4114 Eupolidem,
827 4043 976 4099 Meiuekius
998 4045 1107 4114 supplet
1132 4044 1187 4098 ὑπὸ
1205 4048 1292 4100 τοῦδ’.

182 4130 272 4185 Diibn.
348 4129 365 4182 d
385 4130 485 4196 αὐτοῦ,
505 4132 575 4201 quod
593 4132 696 4186 emend.
715 4131 803 4185 Dubn.
880 4148 894 4184 e
912 4129 1169 4205 μεταχειριζόμενος
1187 4133 1217 4186 R.
1239 4152 1291 4204 με-

181 4219 417 4291 ταχειριζομένους
434 4217 467 4270 V.
491 4217 753 4291 μεταχειριζόμενον
774 4216 863 4272 Dubn.
899 4219 958 4270 ἐστὶ
976 4223 1086 4287 μοῦσαν
1109 4216 1171 4270 τινά
1190 4218 1291 4276 ἑαυτὸν

173 4304 326 4358 ἐπαινέσαι
344 4303 377 4362 R.
468 4303 569 4367 δτινὲς
587 4302 655 4380 πρὸς
673 4302 801 4367 εὐταξίαν
820 4308 875 4358 τῶν
891 4310 919 4357 θ.
937 4304 969 4357 R.
1057 4320 1077 4372 g
1095 4303 1180 4360 Serib.
1199 4304 1290 4379 παρά-
