2746 4710
130 212 161 250 VI

218 357 263 422 ut
293 356 400 422 autem
434 355 683 422 dissertationem
711 354 800 421 illam
836 356 941 439 paullo
970 359 1041 442 post
1070 354 1244 443 datricem,

15 500 19 507 ·
54 500 59 507 ’
129 480 167 545 ut
186 477 232 543 ite
254 478 373 554 dicam,
388 471 570 564 ,φροντίσιν
582 477 763 543 recolerem
785 480 948 562 ceteraque
969 479 1087 545 scholia
1111 480 1245 546 metrica
1287 495 1292 505 ’

129 599 311 678 addicerem,
335 619 407 665 cum
428 598 465 666 G.
482 598 703 684 Bemherdyus
725 600 757 664 et
777 599 835 664 Th.
850 598 1004 684 Bergkius
1025 604 1243 688 praeceptores

128 741 180 787 me
203 720 447 799 admonuerunt,
484 723 553 786 tum
581 720 798 787 benevolentia
817 720 874 786 illa
898 720 1014 800 effecit,
1052 741 1113 805 qua
1142 743 1242 806 nuper

127 843 168 909 R.
186 841 351 927 Wcstphal
373 843 412 908 de
434 841 588 908 tirociniis
608 841 674 909 illis
697 861 789 908 suum
811 840 964 907 iudicium
985 843 1118 924 protulit
1134 844 1241 927 (Matr.

128 963 245 1031 dGnI
257 983 329 1047 pag.
337 962 464 1048 XXVI).
490 964 648 1049 sicigitur
663 962 786 1048 stipsis
802 942 986 1048 fragmentis
996 963 1192 1031 Heliodoreis
1208 969 1241 1031 et

129 1084 353 1151 recentioribus
375 1084 502 1151 scholiis
522 1086 638 1151 iterum
657 1084 802 1163 incubui,
822 1086 856 1150 in
879 1104 940 1170 quo
956 1085 1062 1152 labore
1077 1087 1240 1152 commode

33 1200 38 1207 ’
127 1204 256 1284 accidit,
286 1207 323 1272 ut
352 1206 518 1271 nonnullas
541 1207 737 1272 coniecturas
762 1206 1010 1291 satprobabiles
1035 1207 1111 1274 Otto
1133 1208 1239 1274 Hense

126 1344 253 1392 mecum
275 1327 527 1393 communicaret.

214 1449 342 1529 Restat,
379 1451 416 1515 ut
446 1447 483 1514 de
504 1448 624 1514 ratione
655 1467 749 1532 quam
775 1448 809 1514 in
832 1448 903 1514 crisi
925 1447 1114 1515 Heliodorca
1139 1451 1240 1516 secuti

131 1569 229 1636 simus
249 1568 437 1654 paucissima
462 1569 719 1654 perstringemus.
764 1572 857 1654 atque
879 1571 917 1635 ut
937 1571 1046 1636 vetera
1070 1571 1126 1637 ifle
1147 1573 1239 1639 schu-

126 1690 170 1756 lia
197 1690 309 1775 quibus
336 1692 534 1777 potissimum
558 1690 741 1757 colomctria
767 1690 962 1769 continetur,
989 1691 1023 1756 id
1049 1692 1131 1776 quod
1152 1713 1239 1758 sum-

126 1831 216 1885 mum
238 1813 320 1891 eret,
358 1810 435 1878 satis
461 1831 485 1880 a.
500 1811 726 1878 recentioribus
747 1810 1049 1891 discriminaremus,
1087 1815 1238 1898 tanquam

129 1930 222 1999 duces
249 1933 339 2000 nubis
369 1907 458 2001 erant
491 1951 552 1998 non
576 1933 669 1999 modo
683 1933 866 2018 ‘signorum
902 1952 978 2000 usus
1006 1935 1088 2018 apud
1115 1938 1238 2002 veteres

128 2055 313 2121 scholiastae
336 2057 368 2121 et
389 2055 578 2122 recentiores
608 2055 699 2141 plane
718 2055 907 2134 contrarius,
945 2054 1001 2148 sed
1028 2034 1124 2122 etiam
1145 2075 1238 2122 voces

125 2152 329 2253 et'osccig'et
351 2170 486 2253 ἔκθεσις
505 2195 599 2242 sensu
621 2160 747 2259 prorsus
771 2147 893 2242 diverso
914 2178 1091 2273 usurpatae.
1120 2179 1239 2245 etenim

124 2298 162 2362 ut
184 2297 371 2364 recentiores
393 2297 579 2362 scholiastae
599 2297 753 2363 vocabula
771 2290 935 2377 εἷ’σθεσις,
964 2294 1113 2379 itteris,
1142 2294 1241 2364 ἐπέκ-

125 2421 224 2495 θεσις
248 2418 282 2483 in
303 2437 376 2484 suos
398 2419 638 2484 commentarios
660 2420 861 2504 receperunt,
881 2418 928 2484 ite
950 2419 1025 2504 quid
1045 2420 1169 2507 proprie
1184 2421 1241 2487 illa

126 2539 209 2621 apud
231 2541 354 2606 veteres
376 2539 599 2624 grammaticos
619 2540 670 2606 vel
689 2541 725 2605 ut
744 2539 884 2607 breuiter
905 2539 1007 2606 dicam
1027 2541 1109 2627 apud
1129 2536 1239 2609 Helio-

127 2662 239 2728 dorum
262 2661 489 2746 significarent,
518 2680 581 2727 non
602 2661 695 2729 modo
717 2667 779 2728 non
805 2660 1039 2741 intellexerunt,
1068 2663 1239 2729 sedetiam

128 2802 243 2851 novem
263 2783 303 2848 iis
324 2783 487 2849 notionem
509 2785 541 2849 et
561 2756 653 2867 plane
676 2781 832 2874 diversam
852 2785 1089 2869 supposuerunt.
1119 2784 1240 2850 accedit

129 2903 273 2969 codicum
295 2904 481 2984 auctoritas,
504 2923 638 2988 quorum
661 2903 756 2970 codex
779 2904 936 2985 Venetus,
962 2923 1022 2989 quo
1043 2905 1139 2972 etiam
1160 2906 1239 2972 duae
1294 2960 1297 2964 .

128 3023 371 3111 subscriptiones
391 3026 610 3110 percommode
632 3025 722 3093 nobis
745 3028 922 3094 asservatae
945 3029 1034 3105 sunt,
1062 3026 1239 3111 fragmenta

124 3146 226 3211 nestri
261 3146 397 3211 auctoris
433 3147 526 3230 longe
563 3147 699 3229 plurima
734 3146 874 3214 tradidit.
919 3148 1057 3214 bonitate
1092 3147 1239 3214 lectionis

126 3267 311 3352 plerumque
337 3267 433 3333 etiam
459 3266 562 3352 magis
599 3267 850 3349 commendatur,
889 3269 1033 3353 quamvis
1061 3271 1111 3335 sat
1138 3269 1239 3334 multa

127 3387 245 3454 scholia
279 3389 313 3453 in
348 3407 383 3454 eo
413 3388 531 3454 frustra
569 3406 715 3472 quaeras,
752 3390 848 3456 codex
879 3391 1046 3458 Ravennae
1073 3390 1175 3455 aetate
1206 3393 1239 3455 ct

127 3508 314 3576 auctoritate
342 3509 394 3594 qui
420 3510 488 3575 inre
521 3507 635 3574 dicitur
662 3511 816 3595 princeps.
861 3511 889 3576 si
920 3512 959 3577 ab
986 3510 1035 3575 his
1061 3511 1237 3589 recesseris,

48 3684 52 3691 .
125 3603 328 3697 Laurentieni
356 3629 488 3713 denique
509 3629 664 3695 rationem
681 3630 797 3697 habeas
824 3650 966 3711 neccsse,
1001 3632 1187 3716 praesertim
1209 3631 1238 3696 si

126 3749 246 3816 scholia
278 3751 312 3840 in
349 3750 470 3834 equites
503 3750 642 3817 fabulam
674 3750 831 3837 respicias.
884 3754 1025 3819 ceterum
1055 3752 1140 3818 haud
1170 3752 1236 3818 sine

125 3844 256 3936 consilio
278 3871 383 3954 ipsum
404 3867 622 3957 κωλομετρίας
644 3872 774 3939 titulum
788 3874 947 3957 usurpavi.
992 3874 1107 3939 etenim
1129 3875 1237 3940 vetera

125 3992 183 4057 illa
198 3992 319 4058 scholia
334 3991 374 4057 ad
389 3991 594 4058 Heliodorum
616 3993 795 4075 referenda,
819 4015 856 4061 ex
876 3995 933 4060 tali
948 3995 1096 4062 continua
1116 3998 1235 4061 metro-

125 4118 196 4180 ru'm
217 4112 426 4199 descriptione
446 4115 599 4181 hunslata
622 4121 706 4197 esse,
734 4117 859 4202 qualem
878 4117 1056 4202 Eugenium
1077 4136 1235 4201 gramma-

128 4235 230 4306 ticum
252 4233 291 4303 ad
314 4233 480 4324 Aeschyli,
504 4235 680 4323 Sophoclis,
702 4237 859 4324 Euripidis
881 4238 1001 4309 fabulas
1025 4237 1235 4325 composuisse
