2738 4710
479 251 587 307 Scholia
603 252 632 307 in
649 269 749 322 paoem.
894 246 909 299 .’
1134 253 1170 308 93

58 409 220 476 παιστικδ
261 406 360 475 1δέκα
390 407 628 495 ἐπιμεμιγμένα
666 411 1011 497 προκελευσματικοῖς,
1049 404 1178 501 τούτων

62 513 122 582 ἓδέ
144 512 187 579 τὰ
215 512 275 598 μὲν
305 507 439 601 δίμετροί
460 509 542 578 εἶσιν
568 506 791 602 ἄκατιίληκτα,
827 512 869 578 τὰ
891 515 916 578 δ
924 506 932 530 '
962 509 1169 603 ἓφθημιμερῆ

57 618 113 684 καὶ
139 613 268 701 βάσεις,
309 615 390 700 μετὰ
421 616 457 682 δέ
489 621 591 682 ταῦτα
622 614 757 701 ἰαμβεῖα
788 612 829 696 ζ’.
875 620 931 706 τῆς
960 617 995 682 δέ
1022 615 1171 703 δευτέρας

59 727 205 810 στροφῆς
226 720 267 785 τὰ
291 721 379 786 κῶλα
401 716 490 808 τριά,
519 712 563 786 ὧν
586 719 624 787 τδ
646 720 707 803 μέν
729 724 860 808 πρῶτον
880 717 1046 804 ἰαμβεῖον,
1073 713 1170 786 τὰδ’

58 824 141 892 δίλλα
163 819 406 904 ἀναπαιστικοί,
444 822 658 912 δίμετραμέν
679 821 791 913 ἐίμφω,
829 823 866 890 τδ
892 823 929 890 δέ
951 849 1004 889 τοι
1026 822 1172 908 δεύτερον

59 923 301 1017 καταληκτικόν.
331 925 349 996 ὁ
372 923 445 1014 ἑξῆς
468 934 525 994 τοῦ
545 925 723 1015 ὑποκριτοῦ
749 925 858 1010 στίχος
880 925 1033 1012 ἰαμβικὸς
1054 923 1168 1016 τετρά-

58 1058 175 1119 μετρος
197 1031 438 1120 καταληπτικός.
481 1038 538 1119 τῆς
560 1030 671 1119 τρίτης
692 1035 833 1120 στροφῆς
858 1031 899 1096 τὰ
921 1035 1010 1099 κιῦλα
1031 1023 1172 1098 οῖναπαι-

28 1190 31 1195 .
59 1131 156 1206 στικὰ
189 1137 332 1222 τέσσαρα
364 1136 449 1225 πλῆν
481 1141 538 1202 τοῦ
571 1132 753 1201 τελευταίου
784 1127 995 1225 ἄκατοίληκτα.
1039 1132 1070 1202 οῖ
1101 1133 1173 1225 ἑξῆς
1244 1159 1249 1167 ·

59 1235 163 1319 αὖθις
178 1245 235 1307 τοῦ
255 1238 433 1326 ὑποκριτοῦ
454 1237 603 1324 ίαμβικοὶ
625 1234 834 1324 τετράμετροι
856 1238 1092 1327 καταληκτικοί.
1115 1247 1173 1329 τῆς

25 1355 29 1361 ’
58 1346 96 1411 δέ
117 1340 273 1434 τετάρτης
294 1350 436 1433 στροφῆς
455 1343 496 1408 τὰ
519 1346 606 1411 κιῦλα
627 1335 746 1409 Ἰωνικὰ
767 1340 837 1411 οῖπδ
861 1341 1007 1427 μείζονος
1030 1342 1072 1426 ς’,
1098 1343 1173 1409 ἐπι-

57 1446 238 1534 μεμιγμὲνα
276 1446 402 1514 παίωσι
437 1446 492 1513 καὶ
532 1451 711 1535 κρητικοῖς,
750 1443 957 1537 οῖκαταληκτα
994 1447 1077 1535 πλὴν
1114 1452 1174 1514 τοῦ

59 1551 218 1645 πέμπτου
240 1554 470 1640 καταληκτικοῦ
492 1552 546 1616 καὶ
568 1555 625 1618 τοῖ·
648 1550 683 1631 ς’
704 1548 863 1640 ἡμιολίου.
891 1550 943 1640 ἐφ’
968 1546 1040 1618 δεῖ
1063 1545 1173 1639 ἀμφο-

58 1656 206 1745 τέρωθεν
228 1653 290 1736 ἐξω
310 1658 434 1725 διπλαῖ.
480 1654 695 1721 τιθέσθωσαν
722 1655 758 1721 δέ
789 1652 849 1722 κοίν
871 1661 945 1734 ταῖς
967 1647 1173 1743 ἆποθέσεσιν

61 1756 97 1825 αῖ
120 1759 362 1847 παράγραφοιῆ]

154 1872 392 1931 1039-1126,
448 1861 539 1930 ταυτὶ
577 1860 728 1951 δέδραται
759 1888 767 1930 :
807 1860 973 1951 [Κορωνὶς
1008 1858 1174 1929 εἰσιόντων

61 1964 180 2053 ἐτέρων
208 1964 402 2051 ὑποκριτῶν.
448 1962 479 2032 οῖ
510 1965 546 2032 δὲ·
577 1963 682 2047 στίχοι
711 1964 774 2032 εἰσὶ
799 1966 867 2049 πζ’,
904 1959 949 2032 ὦν
978 1963 1009 2032 οῖ
1037 1965 1097 2050 μέν
1118 1968 1158 2032 κδ
1165 1961 1173 1984 '

61 2070 213 2157 ἰαμβικοὶ
249 2069 415 2160 τρίμετροι
452 2063 684 2160 οῖκατοίληκτοι,
727 2067 757 2136 οῖ
796 2067 868 2160 ἐξῆς
899 2065 958 2154 μα’
989 2068 1174 2136 δακτυλικοὶ

63 2173 240 2264 ἑξάμετρα.
266 2173 338 2265 ἑξῆς
358 2176 478 2242 τούτων
501 2177 602 2241 κιῑιλον
622 2173 734 2260 ὅμοιον
757 2174 793 2241 ἐκ
815 2172 1008 2241 σπονδείων.
1049 2170 1079 2240 οῖ
1103 2170 1176 2263 ἑξῆς

62 2279 142 2346 δέκα
164 2278 350 2346 δακτυλικοὶ
371 2276 544 2367 ἐξάμετροι.
567 2276 644 2363 μεθ’
676 2274 730 2358 οῖς
752 2276 884 2364 ἰαμβεῖα
913 2273 975 2363 ιβ’,
1004 2270 1047 2345 ὧν
1068 2281 1175 2344 τελευ-

62 2388 158 2449 ταῖον
188 2380 271 2464 ,οὐκ
304 2383 509 2472 ἀποπετήσει
541 2389 665 2450 θᾶττον
695 2381 742 2463 εἷς
773 2376 965 2469 Ἐλύμνιον.“
1011 2382 1070 2448 ἐπὶ
1104 2387 1176 2460 ταῖς

63 2481 253 2555 ἆποθέσεσι
275 2483 499 2576 παράγραφος.
537 2486 594 2553 ἐπὶ
617 2493 663 2575 τῷ
685 2486 770 2555 τέλει
792 2485 951 2577 κορωνίς.]

156 2617 394 2676 1127—1158.
447 2607 584 2696 [ἥδομαι
608 2633 615 2676 :
649 2606 828 2675 Κάνταῦθα
857 2605 1048 2694 παροίβασίς
1077 2608 1174 2690 ἐστιν,

64 2705 135 2779 ἀλλ’
159 2706 215 2779 οὖκ
239 2710 302 2795 ἐχει
326 2713 436 2779 πάντα
457 2712 497 2778 τὰ
517 2712 614 2802 μέρη,
643 2708 742 2797 μόνην
763 2713 799 2779 δέ
820 2714 877 2802 τῆν
901 2705 984 2800 ηῖδῆν
1005 2713 1059 2779 καὶ
1080 2735 1177 2800 στρο-

60 2819 144 2911 φήν,
183 2817 221 2884 τὸ
244 2815 419 2906 ἐπίρρημα,
456 2819 514 2905 τῆν
542 2810 685 2904 οῖντφδῆν
712 2817 767 2883 καὶ
792 2809 1022 2904 οῖντιστροφῆν,
1060 2814 1176 2882 καὶτὸ

65 2916 295 3010 ἆντεπίρρημα.
333 2919 405 2987 ἐστι
425 2926 499 3007 γοῦν
521 2926 579 3008 τῆς
600 2919 765 3007 παρούσης
787 2915 872 3009 ᾠδῆς
895 2919 950 2985 καὶ
970 2927 1114 3009 στροφῆς
1135 2919 1176 3005 τδς

65 3027 156 3093 κοῖλα
177 3020 230 3110 ιγ’.
274 3024 315 3090 τὰ
337 3021 381 3107 α’,
406 3025 447 3090 θ’
466 3023 664 3109 χοριαμβικδι
692 3019 830 3112 ἡμιόλια.
874 3023 916 3089 τὰ
943 3023 989 3107 β’,
1012 3022 1054 3109 γ’,
1079 3022 1122 3104 δ’,
1145 3023 1177 3090 ε’

65 3128 164 3213 ὅμοια
185 3125 393 3216 ἐφθημιμερῆ
417 3127 454 3208 ἐξ
475 3116 658 3216 ἐπιτρίτων.
697 3127 734 3194 τὸ
760 3127 796 3207 ς’
818 3120 1072 3196 δντισπαστικδν
1094 3134 1124 3191 Γ
1122 3130 1176 3195 λυ-

66 3232 208 3300 κιδνειον.
252 3234 289 3300 τδ
319 3228 347 3313 ζ’
382 3229 494 3317 ὅμοιον
525 3229 820 3321 ὑπερκατυίληκτον.
864 3232 902 3299 τδ
932 3233 967 3321 η’
998 3230 1177 3300 παιωνικδν

66 3337 217 3424 δίμετρον
239 3328 466 3426 οῖκατοῖληκτον.
489 3337 529 3402 τὰ
551 3336 587 3421 ι’,
612 3331 661 3403 ια’
684 3336 837 3422 τροχαϊκὰ
858 3335 992 3424 δίμετρα
1012 3338 1176 3425 ἀκαταλη-

34 3509 37 3514 ,
66 3459 144 3506 κτα·
173 3440 214 3505 τὰ
238 3439 300 3526 γὰρ
328 3440 432 3505 λοιπὰ
456 3435 675 3529 ἓφθημιμερῆ.
695 3441 733 3507 τὸ
755 3441 934 3506 τελευταῖον
962 3439 1176 3527 παραγραφέ-

68 3548 160 3626 σθω,
183 3542 238 3609 καὶ
259 3549 298 3632 τῇ
322 3539 387 3609 ἐσω
409 3545 510 3633 διπλῆ
534 3539 750 3633 σημειούσθω.
779 3550 818 3633 τῆ
843 3536 922 3633 αὐτῇ
943 3542 1059 3631 καὶτὸ
1080 3541 1177 3630 ἐπίρ-

67 3672 161 3736 ρημα.
208 3652 302 3713 τοῦτο
331 3646 367 3712 δέ
394 3649 489 3736 δῆλον
512 3644 556 3725 ὡς
577 3652 755 3733 τροχαῖκιῦν
785 3646 855 3713 ἐστὶ
876 3645 1098 3732 τετραμέτρων
1119 3645 1176 3727 ις’,

66 3749 142 3833 ἐχον
172 3751 227 3816 καὶ
257 3749 292 3816 ἐν
318 3749 450 3816 ἐκθέσει
478 3754 565 3817 κῶλα
601 3736 699 3835 ὅμοια
727 3748 817 3838 τρία,
858 3750 942 3839 πλὴν
974 3753 1031 3815 τοῦ
1058 3746 1176 3834 τρίτου,
1199 3802 1232 3819 ..

67 3852 203 3941 δίμετρα
226 3851 438 3943 ἀκατάληκτα.
482 3851 636 3932 ὡσαύτως
663 3853 700 3920 δέ
721 3853 777 3919 καὶ
799 3852 837 3920 τὸ
859 3849 1090 3940 ἄντεπίρρημα.
1125 3849 1177 3943 ὕφ’

68 3951 88 4025 ὃ
110 3954 129 4046 ῆ
152 3955 214 4038 ἐξω
233 3960 356 4047 διπλῆ]

71 4107 276 4115 --———

158 4189 172 4241 1
197 4182 230 4240 In
252 4199 362 4241 numero
387 4181 450 4242 ἐστί.
472 4186 589 4244 erratum
613 4183 728 4261 εἰδείην,
850 4182 867 4240 2
893 4185 923 4241 δ’
949 4181 966 4241 θ
984 4190 1037 4259 μὲν
1057 4217 1087 4230 -
1107 4184 1125 4240 ἃ
1144 4187 1175 4242 δ’

68 4273 175 4348 ἑφθημ.
