2746 4710
1163 275 1205 316 VII

88 423 199 491 Suidas
221 424 366 503 tradidit,
402 426 439 489 ut
460 423 539 488 mihi
561 421 834 507 persuasissimum
863 422 924 500 est,
957 422 1002 485 sic
1025 421 1202 502 unicuique,

89 566 194 633 spere,
236 547 289 631 qui
326 565 433 611 causas
467 546 589 610 nostras
624 545 800 610 accuratius
837 543 1078 622 examinaverit,
1118 543 1203 607 ueri-

89 668 193 733 simile
217 669 287 733 crit.

176 790 253 855 Fere
276 789 447 880 integram,
482 788 519 852 ut
537 788 596 851 hoe
621 781 741 882 quoque
773 804 1032 863 commemorem,
1064 784 1210 852 colona·
1252 803 1256 809 ·
1304 819 1307 824 ·

89 911 194 999 triam·
206 910 357 997 habemus
373 908 414 989 ,ad
429 913 557 991 paoem,
581 907 713 991 equites,
737 908 851 986 nubes,
874 906 1097 980 Acharnenses¹
1111 905 1201 978 fabu-

89 1029 153 1110 las,
174 1031 275 1096 multa
296 1029 429 1113 vestigia
452 1031 564 1094 saltem
585 1028 721 1113 reperias
740 1026 780 1092 ad
802 1046 929 1110 vespae,
950 1046 1038 1106 aves,
1061 1026 1199 1092 Plutum.

37 1156 41 1165 ’
178 1150 328 1235 Signandi
347 1149 402 1239 ille
424 1170 513 1229 usus,
527 1151 588 1235 'qui
610 1148 718 1234 quanti
739 1150 822 1214 esset
843 1149 995 1214 momenti
1017 1148 1050 1212 in
1070 1149 1202 1214 diversis
1325 1133 1329 1138 ’

91 1272 269 1338 auctoribus
292 1271 501 1336 discernendis
523 1271 586 1335 iam
609 1290 704 1354 supra
719 1270 977 1346 memoravimus,
998 1271 1035 1334 ut
1049 1288 1110 1334 uno
1127 1287 1202 1334 con-

91 1395 200 1476 spectu
222 1391 552 1475 comprehenderetur,
584 1391 664 1456 calci
683 1391 784 1457 libelli
806 1390 890 1456 affixi
918 1389 1059 1470 tabulas,
1091 1389 1203 1473 quibus

89 1512 267 1593 Heliodori,
298 1513 539 1597 Hephaestionis
562 1513 773 1608 recentiorum
797 1512 930 1597 denique
962 1511 1203 1577 scholiastamm

90 1633 245 1701 rationem
265 1636 416 1719 tanquam
438 1635 472 1698 in
492 1635 564 1734 luce
586 1652 744 1717 ponerem.
868 1721 873 1728 Ι
954 1720 956 1725 Ι
1040 1714 1049 1724 Ἀ
1165 1713 1170 1723 Ι

75 1731 78 1737 ’
176 1755 374 1840 Fragmentis
416 1754 612 1820 Heliodoreis
662 1757 872 1822 recentiorum
922 1754 1200 1840 grammaticorum

91 1876 210 1941 scholia
233 1877 437 1953 asseruimus,
469 1895 532 1940 non
555 1874 636 1958 quod
657 1879 747 1959 aequi
769 1863 930 1960 pendenda
960 1895 1028 1942 esse
1051 1895 1087 1940 ea
1108 1877 1201 1959 puta-

92 2013 214 2073 remus,
247 1993 300 2060 sed
330 1995 412 2080 quod
438 1994 466 2060 si
485 1994 629 2060 deessent
651 1997 746 2061 etiam
769 2017 886 2091 magna
903 2016 976 2082 pars
1000 1996 1097 2080 ipsius
1113 1996 1228 2091 colo-2
1264 2082 1268 2089 .

33 2146 36 2151 ·
90 2112 222 2181 metriae
244 2117 463 2200 requireretur.
481 2138 484 2142 ·
509 2117 583 2180 sunt
603 2118 725 2182 mutata
746 2119 834 2183 haec·
846 2093 901 2200 pro
923 2118 1017 2201 captu
1032 2116 1204 2194 auctorum,

93 2237 189 2302 variis
211 2236 432 2303 additamentis
456 2237 628 2304 deformata
652 2236 704 2304 uel
723 2237 757 2302 in
778 2238 875 2324 peius·
898 2239 1031 2317 deflexa,
1069 2236 1140 2316 sed,
1177 2239 1205 2303 si

90 2338 210 2406 fontem
237 2360 380 2425 quaeras,
416 2344 498 2407 hanc
528 2361 649 2426 quoque
671 2342 861 2439 farraginem
893 2343 1062 2409 maximam
1091 2341 1204 2410 saltem
1287 2396 1303 2433 ι,

90 2463 213 2542 partem
241 2464 371 2529 resectis
400 2462 549 2529 nimirum
577 2483 655 2547 quae
687 2454 898 2530 recentiorum
917 2467 1004 2552 ‘sunt
1037 2463 1076 2530 ad
1098 2466 1202 2548 ipsum

67 2591 76 2651 ζ
89 2581 296 2666 Heliodorum
323 2583 517 2650 referendam
547 2605 630 2665 esse,
668 2587 769 2671 causis
798 2580 847 2652 sat
877 2587 982 2657 certis¹
1001 2576 1200 2671 comprobari
1276 2597 1280 2603 ·
1319 2575 1321 2579 ’

92 2706 206 2785 potest.
282 2695 288 2716 ⁵
1230 2686 1233 2690 Δ

177 2818 320 2910 Dedique
339 2827 395 2906 iis,
419 2827 526 2910 quiin
547 2789 685 2912 plagulis
704 2829 764 2894 -his
787 2827 983 2912 corrigendis
1001 2827 1201 2894 familiariter

91 2962 155 3011 una
175 2965 299 3012 mecum
321 2967 447 3031 operam
468 2949 626 3033 ponebant
657 2948 745 3016 velut
772 2948 881 3016 Oarolo
904 2948 1001 3028 Voss,
1035 2949 1202 3034 Rudolpho

92 3068 338 3151 Peppmueller,
369 3069 527 3135 Friderico
556 3068 749 3156 Goldmann3
793 3070 1005 3156 philosophiae
1035 3071 1097 3135 drr.
1128 3089 1202 3154 gra·
1274 3045 1279 3052 ’

92 3189 154 3258 tias
177 3208 245 3274 ago.
631 3167 653 3186 ⁷
998 3258 1002 3266 .

179 3325 296 3410 Scripsi
314 3326 405 3393 Halis
427 3326 584 3395 Saxonum
605 3328 670 3395 Cal.
693 3329 788 3395 Mart.
811 3348 838 3394 a.
860 3328 1112 3396 Mueccuxlx.
