2746 4710
556 257 663 314 Scholia
679 257 708 313 in
726 275 814 314 ranas.

340 414 497 488 μελοποιὸν
516 414 585 471 ὄντα
603 420 650 469 καὶ
669 423 806 473 ποιοῦντα
824 416 897 471 ταῦτ’
917 419 969 472 ἀεί.

129 515 190 583 ἐπὶ
210 519 258 605 τῷ
278 515 362 584 τέλει
381 512 544 606 κοριυνίς.]]

220 645 459 707 1251-21263.
506 635 567 738 [vi
588 663 672 705 ποτε
694 646 828 727 πρᾶγμα
848 668 857 706 .·
879 640 1027 729 Κορωνὶς
1048 639 1103 706 καί
1125 636 1239 706 εἴσθε-

130 753 183 820 σις
202 746 300 828 χοροῦ
321 739 468 831 ἐπῳδικῆ
491 742 546 809 διδ
569 742 606 810 τὸ
626 748 760 810 κεῖσθαι
781 744 864 827 μετὰ
878 745 935 833 τῆν
951 743 1110 833 κορωνίδα
1126 740 1240 830 (ἐνίοτε

128 844 167 913 δέ
188 843 245 911 καὶ
262 846 349 928 7μεταλ
378 845 436 934 τῆν
458 847 592 936 διπλῆν,
627 842 673 925 ὡς
699 846 860 927 πολλάκις
881 844 1034 938 εἴρηται),
1072 847 1109 914 ἐκ
1129 842 1240 913 κάλυκι

129 941 396 1015 άντισπαστικῶν
417 948 678 1035 ἐπιμεμιγμένων
706 950 889 1039 ἐπιτρίτοις
919 952 975 1019 καὶ
998 947 1163 1036 διιάμβοις
1185 949 1241 1017 καὶ

128 1051 326 1141 διτραχαίοις
354 1053 443 1122 δέκα.
488 1044 531 1119 ὧν
558 1055 596 1120 τδ
624 1061 755 1143 πρῶτον
782 1054 933 1144 δίμετρσν
962 1049 1184 1144 άκατάληκτον
1203 1053 1240 1120 ἐν.

128 1155 394 1243 πειτασυλλάβοο
415 1150 650 1245 άντισπάστου·
672 1152 691 1226 δ
711 1162 858 1226 καλεῖται
878 1159 1078 1246 γλυκάνειον.
1110 1158 1149 1225 τὸ
1170 1155 1240 1224 δεύ-

63 1293 68 1300 ·
128 1285 223 1350 τερον
243 1260 280 1328 ἐκ
302 1260 449 1340 παίωνος
470 1258 623 1348 τετάρτου
653 1263 708 1329 καὶ
736 1258 888 1348 διιάμβυυ
909 1261 1026 1347 ὅμοιον.
1070 1260 1107 1331 τὸ
1130 1259 1240 1350 τρίτον

127 1373 187 1432 τοῦ
210 1364 339 1453 πριάτου
361 1365 465 1446 ποδὸς
486 1363 749 1452 πεντασυλλάβου
771 1362 1010 1455 καταληκτικόν.
1031 1365 1070 1433 τὸ
1089 1365 1241 1453 τέταρτον

128 1470 167 1538 ἐκ
188 1468 372 1558 διτροχαίου
396 1469 450 1535 καὶ
468 1467 638 1558 ἐπιτρίτου
653 1467 764 1558 τρίτου
779 1463 1005 1559 ἆκατάληκτον.
1029 1471 1068 1537 τὸ
1083 1466 1114 1537 ε’
1129 1468 1241 1554 ὅμοιον

126 1578 176 1665 τῷ
197 1569 244 1659 β’.
263 1653 265 1656 y
282 1572 320 1640 τὸ
340 1573 430 1640 ἕκτον
452 1571 488 1641 ἐκ
510 1571 691 1663 διτροχαίσυ
712 1574 767 1641 καὶ
784 1571 952 1661 ἐπιτρίτου
974 1569 1114 1662 πρώτου.
1148 1575 1186 1642 τὸ
1211 1573 1240 1657 ζ’

127 1672 242 1763 ὅμοιον
257 1682 304 1766 τῷ
319 1677 365 1763 β’.
388 1677 426 1746 ’τὸ
443 1673 476 1765 η’
501 1678 733 1765 καταληκτικδν
755 1677 791 1744 ἐκ
810 1675 994 1763 διτροχαίου
1015 1679 1071 1745 καὶ
1092 1676 1242 1764 βακχείσυ

128 1778 150 1869 ἢ
171 1777 403 1871 άμφιβράχεος.
425 1781 463 1848 τὸ
486 1778 529 1848 θ’
551 1780 664 1866 ὅμοιον
683 1790 729 1869 τη]
749 1777 794 1866 β’.
817 1784 855 1850 τὸ
878 1779 904 1849 ι’
927 1781 1039 1868 ὅμοιον
1059 1787 1107 1870 τῷ
1125 1779 1239 1870 ὀγδόῳ.

131 1881 203 1975 ἑξῆς
224 1885 261 1954 δέ
296 1886 350 1953 ῑέν
371 1884 504 1952 ἐκθέσει
531 1883 634 1967 στίχοι
658 1883 804 1972 ἴαμβικοὶ
829 1885 994 1977 τρίμετροι
1024 1886 1241 1976 άκατάληκτοι

130 1984 173 2076 μ’.
195 1985 267 2080 ἑξῆς
291 1989 327 2057 δέ
349 1986 481 2057 τίθεται
505 1992 606 2057 κῶλον
630 1986 784 2075 ἰαμβικὸν
800 1987 1040 2080 ἐφθημιμερές,
1062 1991 1100 2057 τδ
1124 1987 1238 2070 »διαύ-

127 2095 198 2161 λιον
218 2096 428 2179 προσαυλεῖ.“
464 2090 547 2176 ὅπερ
571 2093 654 2160 κατὰ
678 2095 929 2184 παρεπιμραφῆν
959 2092 1098 2161 τίθεται.
1129 2092 1242 2182 ὥσπερ

127 2196 184 2264 καὶ
206 2197 252 2266 τὸ,
266 2250 285 2280 ,,
294 2191 383 2265 αὐλεῖ
400 2223 450 2275 τις
470 2194 575 2264 ἐνδον·
588 2204 606 2234 “
626 2197 680 2264 καὶ
698 2195 780 2265 άλλα
800 2195 915 2265 πολλά.
938 2198 1021 2287 φασὶ
1042 2197 1078 2265 δὲ
1099 2193 1241 2264 διαύλιον

126 2301 301 2388 λέγεσθαι,
329 2300 406 2370 ὅταν
426 2298 557 2390 ῆσιηίας
590 2296 719 2367 πάντων
741 2302 910 2391 γενομένης
941 2298 1075 2370 ἐνδονὸ
1104 2298 1240 2391 αὐλητὴς

106 2402 203 2496 ’ῆίση
233 2406 297 2473 ἐπὶ
311 2412 360 2494 τῷ
380 2404 464 2473 τέλει
485 2411 542 2495 τῆς
563 2405 621 2489 μὲν
643 2414 789 2495 στροφῆς
810 2403 950 2493 κορωνίς.
992 2410 1049 2473 τοῦ
1070 2404 1106 2473 δέ
1124 2401 1240 2494 συστῆ-

126 2537 231 2596 νατοε
252 2509 496 2600 wedowo-ss

218 2636 467 2699 1264—1284.'
506 2629 585 2716 [[Τά
618 2628 654 2696 δέ
684 2635 818 2701 τοιαῖτα
844 2625 914 2714 εἴδη
941 2632 1088 2697 καλεῖται
1111 2624 1241 2701 άλλοιό·

128 2758 273 2825 στρσφα,
302 2731 346 2815 ὡς
372 2730 607 2824 Ἦςραιστίιυν2
633 2731 748 2822 φησίν·
786 2731 849 2800 ὅσα
877 2732 1007 2811 πάντιυς
1027 2731 1242 2823 διαιρεῖταιῆ
1339 2724 1342 2730 ’

127 2836 212 2904 κατὰ
235 2837 415 2925 πρόσωπον
435 2830 622 2922 άμοιβαῖον,
645 2835 666 2925 ῆ
686 2841 780 2923 χοροῦ
800 2835 884 2924 πρὸς
903 2831 1078 2924 ὑποκριτὴν
1101 2835 1241 2924 άπόκρι-

127 2965 189 3010 σιν.
213 2939 283 3010 ἐστι
305 2941 341 3008 δέ
362 2948 421 3031 τῆς
448 2941 507 3025 μὲν
531 2933 617 3030 ηίδῆς
638 2936 755 3027 ταύτης
782 2938 822 3004 τὰ
846 2941 933 3005 κῶλα
956 2935 1178 3006 άναπαιστικδι
1198 2939 1239 3008 ε’.

128 3037 173 3113 ὧν
195 3044 233 3112 τδ
257 3052 387 3132 πρῶτον
407 3043 576 3133 τρίμετρον
609 3041 845 3131 καταληκτικδν
867 3040 915 3122 εἰς
937 3039 1108 3133 συλλαβήν,
1143 3037 1162 3113 ὃ
1184 3071 1240 3111 κα-

127 3153 233 3217 λεῖται
254 3145 431 3232 Αἰολικόν,
456 3149 512 3216 διὰ
534 3149 571 3216 τὸ
594 3144 714 3232 ἴαμβον
738 3143 822 3229 ἐχειν
842 3146 900 3215 τδν
922 3152 1052 3236 πρῶτον
1074 3142 1173 3216 πόδα.
1201 3148 1240 3217 τδ

127 3253 277 3341 δεύτερον
298 3253 354 3320 καὶ
379 3251 417 3319 τὸ
440 3248 470 3318 ε’
491 3250 625 3338 δι’μετρα
649 3248 924 3338 δπερκατάληκτα.
959 3250 998 3319 τὸ
1020 3247 1053 3337 γ’
1074 3259 1239 3341 πενθημι-

126 3356 231 3447 μερές.
265 3356 302 3424 τδ
325 3355 477 3443 τέταρτον
507 3351 747 3444 ἐφθημιμερές,
786 3346 986 3438 δκαλεῖται,
1021 3351 1084 3432 3ὡς
1106 3352 1238 3444 εἴρηται,

127 3457 360 3549 παροιμιακόν.
392 3457 450 3525 ἐπὶ
469 3462 516 3545 τῷ
534 3456 619 3524 τέλει
642 3453 866 3547 παράγραφος.
901 3461 958 3523 τοῦ
979 3456 1016 3524 δὲ
1039 3454 1240 3546 συστήματος

126 3563 169 3631 τὰ
191 3565 280 3631 κῶλα
298 3561 395 3647 ὅμοια
424 3562 539 3644 πέντε,
577 3560 663 3650 πλὴν
683 3567 741 3628 τοῦ
770 3557 924 3650 τετάρτου
953 3565 1001 3647 τῷ
1023 3558 1159 3647 δευτέρην
1181 3568 1239 3650 τῆς

128 3664 212 3756 ᾠδῆς
235 3663 364 3750 ὁμοίου,
389 3662 605 3754 ἐφθημιμερῆ.
629 3662 688 3730 ἐπὶ
710 3669 756 3752 τῷ
777 3663 863 3731 τέλει
884 3663 1109 3752 παράγραφος.
1132 3670 1189 3754 τῆς
1203 3663 1240 3732 δέ

127 3767 202 3860 ἐξῆς
223 3761 310 3859 ᾠδῆς
331 3770 371 3834 τὰ
393 3771 481 3836 κῶλα
502 3768 544 3850 ἐξ.
581 3770 774 3856 τὸπρῶτον
796 3767 987 3834 δακτυλικδν
1009 3763 1238 3856 ἐφθημιμερές.

127 3875 167 3941 τδ
191 3869 228 3958 β’
252 3873 489 3940 ἀναπαιστικὸν
507 3869 742 3962 ἐφθημιμερές.
769 3870 808 3937 τὸ
828 3865 861 3956 γ’
882 3869 937 3936 καὶ
957 3869 996 3936 τὸ
1019 3865 1053 3949 ς’
1077 3867 1122 3950 ὡς
1142 3866 1239 3957 τὸδ’

126 3983 186 4067 τῆς
208 3973 271 4043 δίναν
295 3969 387 4067 ᾠδῆς.
409 3975 446 4044 τὸ
470 3975 505 4043 δ’
527 3977 715 4044 δακτυλικδν
735 3970 955 4064 τετράμετρον.
990 3970 1060 4041 ἐστι
1079 3973 1117 4041 δέ
1135 3977 1238 4041 κῶλον

73 4243 76 4245 ,
215 4192 229 4245 1
250 4191 280 4246 ἐν
301 4191 412 4244 ἐκθέσει
430 4189 534 4242 Portus.
563 4190 593 4240 ἐν
611 4191 732 4241 εἰσοίσει
750 4184 811 4240 Ald.
847 4186 919 4256 apud
937 4187 1112 4242 Heliodorum
1130 4188 1238 4256 legeba-

130 4278 341 4359 λῠῐένέκθέσει.
390 4274 458 4332 2οί.
473 4279 537 4348 περὶ
549 4272 715 4346 ποιημάτων
728 4273 875 4345 οσρ.ΙΧ.β.
928 4273 997 4332 30f.
1006 4275 1089 4331 sohol.
1097 4275 1171 4330 Plut.
1179 4275 1239 4331 598.
