2746 4710
551 280 658 335 Scholia
675 279 705 334 in
722 279 816 335 nubas.
1198 278 1234 335 45

126 434 197 506 ἐστι
219 436 255 506 δέ
274 439 312 506 τὸ
327 437 434 526 παρὸν
449 433 614 526 ἐπίρρημα
636 435 673 503 έκ
692 431 809 518 στίχων
822 435 996 524 τροχαίκῶν
1011 434 1233 523 τετραμέτρων

126 544 366 632 καταληκτικῶν
389 537 454 624 ις’·
476 532 518 607 ῶν
539 542 722 618 τελευταῖος
1270 530 1273 534 ’

265 663 319 719 κᾶν
337 666 367 719 ἐν
384 661 521 734 Αἰγύπτῳ
540 666 636 731 τυχεῖν
654 659 693 718 ῶν
711 662 819 731 μᾶλλον
837 656 855 727 ἢ
872 664 965 734 κρῖναι
981 654 1101 741 κακῶς]

216 794 352 852 1130-
360 790 455 851 1153.
498 779 659 868 πέμπτηι
683 776 844 869 [Κορωνὶς
872 772 1039 846 εἰσιόντων
1066 784 1130 846 τῶν
1151 775 1237 848 ino-

125 895 243 978 κριτῶν
264 888 320 954 καί
344 884 500 983 1ἔκθεσις
522 883 614 972 παρὰ
644 882 720 961 τοὺς
739 879 980 971 τετραμέτρους.
1018 879 1090 957 ἔστι
1112 884 1174 971 γὰρ
1195 883 1237 952 τὰ

122 992 200 1083 ἑξῆς
222 990 358 1078 ἰαμβικδι
379 985 534 1078 τρίμετρα
554 1009 593 1073 κγ
600 980 705 1075 '.]

220 1135 458 1197 1154-1169.
500 1114 746 1212 βοάσομ”α’ρα;
761 1123 903 1211 ῆΛιπλῆ
927 1123 1002 1190 2καὶ
1023 1119 1172 1204 ethaeas
1190 1120 1239 1215 εἰς

129 1233 227 1320 μέλος
249 1226 424 1319 οἰμοιβαῖον
443 1233 507 1296 τῶν
528 1225 714 1316 ὑποκριτῶν
747 1221 982 1306 θείκοσοίκωλος
1002 1227 1041 1296 τὸ
1062 1227 1122 1315 μὲν
1146 1234 1240 1316 πρῶ-

129 1362 187 1404 τον
211 1335 248 1418 ἐξ
268 1333 419 1423 ἰαμβικῆς
445 1327 589 1418 βάσεως,
627 1337 691 1398 τῶν
712 1327 774 1420 ἰίρα
801 1325 858 1398 δύο
884 1335 1040 1420 βραχειῶν
1071 1323 1142 1398 οἰνιί
1163 1337 1241 1416 μιῶς

128 1445 256 1529 μακρῶς
278 1437 491 1525 λογιζομένων
513 1434 570 1502 καὶ
591 1439 763 1525 τροχαίκοῆ
785 1440 1057 1523 πενθημιμιροῆς.
1083 1434 1122 1504 τδ
1138 1429 1239 1502 δείπε-

129 1568 184 1631 ρον
207 1541 243 1623 ἐξ
263 1539 416 1631 ἰαμβικῆς
436 1538 565 1626 βάσεως
584 1538 641 1606 καὶ
662 1541 834 1629 τροχαίκοῶ
856 1532 1108 1628 ἓφθημιμεροῶς.
1139 1538 1181 1605 τὰ
1203 1538 1240 1606 δέ

129 1642 202 1735 ἑξῆς
230 1643 288 1712 δίο
315 1641 452 1731 ἰαμβικδι
481 1640 635 1768 τρίμετρα
664 1634 878 1732 οἰκατάληκτα.
920 1634 997 1727 μεθ’
1023 1636 1045 1709 δί
1067 1642 1238 1710 δακτυλικδι
1301 1675 1304 1679 ’

130 1755 288 1837 πενθημιμ
276 1754 357 1838 μερῆ
378 1746 464 1835 τρία.
502 1750 541 1814 τὸ
570 1743 685 1834 δμδοον
707 1745 744 1827 ἐξ
757 1738 897 1813 Ἰωνικοῦ
927 1737 995 1814 απὸ
1018 1743 1165 1831 μείζονος
1184 1745 1241 1814 καί

130 1849 257 1941 χορείου
287 1848 443 1942 δίμετρον.
479 1849 518 1919 τὸ
531 1849 668 1977 ένατιην
684 1847 763 1930 ἐξ
748 1847 922 1938 επιτρίτων
948 1852 1064 1939 τρίτων
1092 1848 1241 1941 δίμετρον

132 1949 425 2044 Ιεἰπερκατοίληκτον.
447 1979 485 2021 το
474 1951 668 2022 δέκατον
654 1981 691 2021 εκ
706 1951 888 2042 διτροχαίου
903 1952 960 2020 καί
985 1949 1240 2038 4αντισποίστου,
1334 1955 1337 1960 ’

132 2055 199 2126 εἰτε
221 2057 389 2146 ἐπιτρίτου
416 2051 574 2147 τετάρτου
596 2056 651 2124 καὶ
673 2053 836 2144 διιοίμβου.
871 2055 914 2124 τὰ
935 2052 1008 2156 ἑξῆς
1030 2052 1086 2123 δύο
1107 2081 1241 2146 χοριαμ-

130 2160 210 2248 βικὰ
224 2158 360 2250 δίμετρα
374 2158 667 2252 βραχυκατάληκτα.
681 2187 719 2231 το
708 2153 1031 2250 τρισκαιδέκατον
1015 2186 1052 2228 εκ
1064 2160 1242 2287 χρριδμβου

131 2263 189 2331 καί
216 2261 425 2334 σπονδείου.
440 2264 479 2333 τδ
498 2261 555 2333 ιδ’
584 2265 782 2355 σπονδειακὴ
812 2261 1024 2333 ταυτοποδία.
1064 2265 1103 2334 τὸ
1133 2290 1162 2333 ιε
1168 2260 1243 2334 ’ἐκ
1328 2282 1332 2290 ’

132 2365 280 2448 παίωνος
300 2364 454 2456 τετάρτου
472 2363 544 2436 καὶ
551 2364 679 2457 ἰάμβου.
701 2369 740 2439 τδ
756 2392 790 2451 ις
796 2364 1067 2438 ὀἰναπαιστικδν
1092 2361 1242 2459 δίμετρον

131 2465 362 2562 ῶκατοίληκτον.
399 2473 438 2543 τδ
467 2471 512 2557 ιζ’
536 2473 727 2544 δακτυλικδν
754 2470 903 2565 δίμιτρον
934 2465 1164 2565 οἰκατοίληκτον.
1204 2475 1243 2544 τὸ

132 2575 180 2665 ιη’
201 2573 315 2661 ὅμοιον
338 2582 385 2666 τῷ
411 2572 483 2645 5ιε’.
505 2576 547 2644 τὰ
570 2573 643 2669 ἑξῆς
664 2580 754 2668 δῆλα.
784 2579 931 2669 ζητητέον
954 2579 991 2647 δέ
1012 2578 1090 2669 περί
1112 2574 1242 2648 πάντων

127 2677 391 2779 ῶκριβέστερονῆ]
432 2773 436 2784 Ι

225 2827 463 2888 1170-1205.
505 2817 543 2890 τὸ
567 2816 619 2889 ἰοῶ,
639 2817 690 2888 ἰοῆ
712 2819 773 2888 ἐπὶ
789 2825 891 2911 χαρᾶς
912 2825 1127 2910 περισπᾶται.
1149 2815 1242 2909 (Ἄλ-

225 3081 241 3136 1
259 3084 381 3142 εἴσθεσις
399 3083 428 3137 ot
444 3083 500 3136 εἰσὶ
519 3080 576 3156 γὰρ
594 3081 627 3136 It.
645 3081 696 3136 hoc
714 3080 844 3136 scholium
869 3080 902 3136 ob
919 3079 1001 3137 sorba
1026 3083 1243 3157 stamaconstat
1332 3147 1336 3156 .

134 3164 198 3228 τοὺς
211 3171 406 3244 τετραμέτρους
418 3168 453 3224 cf.
471 3172 663 3243 κωλομετρίαν
674 3167 710 3224 ad
719 3168 893 3225 Heliodorum
905 3171 947 3224 est
957 3167 1134 3225 referendum.
1153 3170 1245 3226 omisit

133 3254 266 3310 recentior
282 3254 428 3312 scholiasta
445 3256 476 3311 in
489 3257 543 3311 fine
560 3255 625 3311 hoc:
644 3255 692 3310 ἐπὶ
709 3262 748 3326 τῷ
766 3261 837 3311 τέλει
856 3263 982 3328 κορωνίς.
1065 3257 1082 3311 2
1102 3261 1150 3312 καὶ
1168 3258 1244 3314 addi·

134 3341 176 3395 dit
195 3339 351 3397 Dindorfius
365 3343 482 3409 iniuria·
500 3343 564 3414 quia
582 3343 728 3399 scholiasta
744 3343 795 3399 hoc'
810 3343 887 3400 modo
897 3344 981 3401 sorba
992 3344 1133 3400 Heliodori
1146 3346 1245 3415 (διπλῆ

134 3429 183 3482 καὶ
201 3431 333 3499 essaeos)
351 3433 456 3487 mutare
475 3431 559 3497 solet,
578 3429 612 3485 cf.
632 3429 696 3486 nub.
709 3432 774 3506 520,
793 3433 876 3503 equit.
889 3434 949 3490 303.
1025 3435 1042 3489 3
1061 3429 1246 3489 εὶκοσάκωλοτ

132 3513 303 3570 referendum
327 3517 361 3572 ad
385 3522 520 3583 εἴσαεσις,
552 3518 628 3573 cuius
649 3534 741 3575 voram
765 3519 992 3590 significationem
1022 3517 1168 3574 scholiasta
1191 3531 1245 3572 non

133 3598 281 3668 intellexit,
306 3603 468 3660 Heliodorus
492 3605 637 3674 scripserat
655 3605 849 3663 εῖκοσάκωλον.
953 3607 972 3662 4
989 3609 1036 3660 καὶ
1052 3602 1245 3664 ἀντισπάστου

109 3688 113 3697 ’
134 3687 242 3755 Hermi,
261 3689 560 3750 ἀντισπαστικοῶΑΙᾶ.
649 3693 716 3748 5111
728 3690 818 3767 'Regio
837 3689 1072 3764 scriptum's's‘moa
1092 3689 1126 3744 σὺ
1146 3684 1245 3759 λαβών,

133 3774 299 3846 respondens
317 3778 448 3834 sedecimo
471 3777 513 3832 ὅδ’
533 3779 637 3840 ἐκεῖνος
657 3778 739 3854 ιἰνὴρ,
770 3798 830 3836 cum
854 3781 905 3836 hac
920 3778 1112 3850 explicatione:
1141 3775 1245 3852 τὸγὰρ

136 3868 169 3915 δι
187 3860 266 3930 κοινῆ
290 3863 349 3918 ἐστι
368 3864 502 3934 συλλαβή,
534 3864 570 3926 ῶς
591 3869 678 3936 λῆγον
695 3871 735 3928 εἰς
756 3873 841 3941 μέρος
857 3866 958 3939 λόγου,
987 3870 1109 3941 χρῶνται
1134 3862 1165 3919 δὲ
1186 3870 1288 3936 ταῖς..

135 3945 279 4008 τοιαύταις
296 3957 404 4012 κοιναῖς
423 3954 572 4021 συλλαβαῖς
589 3955 617 4006 οί
635 3952 827 4029 ἰαμβογροίφοι
841 3954 871 4007 ἰν
889 3951 994 4027 μόνοις
1007 3953 1184 4011 δακτυλικοῖς
1198 3953 1247 4006 καὶ

137 4032 350 4112 ἀναπαιστικοῖς
369 4043 490 4108 στίχοις,
515 4039 544 4091 ἰν
563 4041 703 4109 ἰαμβικοῖς
720 4040 752 4094 δὲ
770 4038 907 4112 οὗδαμῶς.
926 4040 1014 4096 Dtbn.
1049 4039 1191 4112 legabatur
1209 4041 1247 4109 τῶ

137 4120 183 4186 ις’,
203 4122 391 4192 quodfalsum
411 4125 460 4182 ost.
496 4123 642 4181 scholiasta
659 4125 766 4182 videtur
783 4126 896 4197 legisse,
917 4130 953 4183 ut
969 4144 1018 4184 nos
1037 4127 1245 4192 amandavimus,

137 4203 225 4262 ἄπιθι
246 4225 291 4263 σοι
309 4208 408 4280 λοβῶν.
444 4213 525 4282 atque
543 4213 584 4268 ita
602 4213 669 4270 hacc
686 4214 769 4270 sorba
787 4213 880 4271 eodem
896 4217 987 4271 ,metro
1010 4218 1087 4281 sunt,
1118 4231 1169 4286 quo
1189 4213 1251 4278 illa,'

138 4290 182 4347 ἄϊε
200 4300 251 4348 τοῦ
271 4295 389 4370 πατρός,
416 4299 445 4353 in
458 4299 560 4387 *ombus
574 4300 721 4360 scholiasta
737 4302 853 4374 primam
876 4302 906 4360 in
923 4301 968 4386 ἄϊε
985 4303 1121 4374 corripuit
1153 4301 1348 4432 Honor
