2746 4710
1192 222 1243 278 lae

129 385 237 451 ratum
259 383 369 450 referri
390 383 532 467 possunt
577 381 689 449 deinde
711 383 835 458 autem,
864 382 902 447 ot
922 381 956 446 in
980 379 1069 449 schol
1085 399 1153 465 pac.
1170 387 1243 463 301,

130 506 212 573 quae
233 487 383 573 leguntur
405 487 501 554 rerba
519 480 571 573 ὑφ’
595 477 650 564 οὓς
671 486 834 554 referenda
857 487 931 552 sunt
952 485 992 550 ad
1013 503 1138 565 versus,
1164 504 1243 569 quos

128 593 224 677 paulo
261 594 334 658 ante
373 592 629 671 commemoravi,
683 588 917 677 τετραμέτρους
953 587 1113 669 (similiter
1145 590 1243 656 schol.

131 702 195 762 383
226 698 260 762 et
290 699 405 775 1353),
439 697 486 761 sic
515 695 1090 770 1111111111.1111111.347,566
1128 693 1244 762 similia

128 802 209 866 baec
231 792 356 887 ,1φὸ
377 798 501 886 (tantist
524 799 680 884 pertinere
701 798 741 864 ad
766 798 938 866 novissima
960 796 1129 881 superioris
1151 799 1243 864 scho-

129 905 167 970 lii
189 905 286 971 rerba
311 905 346 969 in
372 905 480 989 aperto
505 906 561 969 est.
607 922 699 970 nemo
724 904 838 968 autem-
852 902 905 986 qui
926 901 1143 968 annotationes
1167 921 1242 968 oon·

129 1009 241 1074 scribit
268 1009 301 1073 in
322 1007 443 1086 codice,
481 1007 540 1073 duo
564 1007 684 1073 scholia
713 1006 818 1090 aliquo
847 1004 942 1089 spatii
970 1005 1138 1072 intervallo
1159 1007 1243 1072 inter

129 1130 163 1176 se
191 1109 348 1176 disiuncta
386 1111 445 1175 hoc
479 1109 573 1175 modo
610 1109 694 1176 inter
723 1127 756 1175 se
791 1108 980 1191 coniungere
1008 1107 1097 1178 solet.
1140 1128 1243 1192 neque

128 1215 261 1280 minoris
284 1214 359 1280 sunt
382 1213 550 1292 momenti,
568 1231 648 1296 quae
663 1213 813 1298 leguntur
826 1211 859 1276 in
874 1211 971 1278 schol.
987 1231 1055 1296 pao.
1068 1218 1129 1280 571
1147 1213 1243 1279 verba

127 1315 179 1383 τὸ
200 1314 272 1400 μὲν
294 1323 352 1383 τοῦ
373 1313 561 1403 ὑποκριτοῦ.
606 1336 680 1382 uam
708 1316 786 1382 talia
809 1315 838 1382 is
864 1316 949 1382 solus
973 1316 1108 1383 scribere
1127 1318 1242 1399 potest,

128 1423 184 1506 qui
206 1423 267 1488 duo
289 1421 409 1488 scholia
428 1422 511 1488 inter
526 1440 561 1487 sc
576 1421 760 1505 excipientis
781 1421 814 1486 in
828 1419 909 1485 libro
925 1421 1094 1503 componit.
1129 1421 1242 1489 desunt

128 1528 236 1593 antem
258 1526 291 1590 in
314 1526 413 1593 111111
435 1526 555 1592 scholio
580 1526 691 1604 verba,
714 1543 793 1609 quae
812 1524 876 1590 illis
891 1523 1101 1608 respondeant
1123 1512 1240 1611 (1111)

129 1651 147 1696 1
174 1630 303 1696 librario
335 1631 465 1709 omissa,
503 1630 559 1696 111
592 1629 819 1713 interponenda
849 1631 921 1712 post
948 1627 1059 1714 διπλῆ.
1089 1625 1142 1709 (τὰ
1171 1627 1241 1709 δέ).

129 1734 242 1800 deinde
263 1735 297 1800 iu
321 1734 419 1801 schol.
441 1753 509 1820 pao.
526 1741 588 1800 733
611 1733 757 1801 vocabuli
777 1733 990 1817 fragmentum
1012 1731 1240 1815 (ἀναπαιστικ)

127 1839 219 1904 nobis
241 1839 392 1917 occurrit,
421 1838 504 1922 quod
526 1837 601 1921 quid
622 1837 683 1903 sibi
702 1837 781 1904 velit
808 1838 868 1903 hoc
896 1836 966 1903 loco
986 1835 1115 1903 minime
1137 1839 1242 1921 potest

127 1942 281 2026 intellegi.
338 1942 535 2009 referendum
571 1944 677 2009 autem
706 1943 754 2007 est
789 1941 828 2007 ad
860 1939 1050 2024 praecedens
1087 1941 1242 2008 scholium

128 2052 210 2132 (pac.
234 2052 310 2125 729)
328 2046 489 2130 eidemque
504 2045 723 2125 adiiciendum,
742 2047 812 2122 τοῖς
826 2039 937 2121 ἄλλοις
952 2038 1240 2127 (debueramus).

81 2209 83 2214 .
128 2151 292 2241 denique
282 2170 316 2215 m
340 2151 445 2217 annot.
462 2169 509 2233 eq
527 2147 1240 2267 997111111111111111111111111,1ιπλῆ
1327 2190 1336 2210 .

125 2250 181 2320 ὅτι
203 2249 343 2319 εἰσίασιν
366 2248 398 2318 oi
420 2248 611 2339 ὑποκριταί,
650 2274 723 2320 cum
747 2253 780 2319 in
810 2253 922 2318 ceteris
951 2229 1139 2319 omnibus
1115 2264 1241 2338 signum

127 2358 284 2426 coronidis
313 2359 593 2437 commemoretur,
629 2357 684 2423 ubi
704 2356 906 2423 histriones'
898 2377 931 2422 1n
953 2374 1078 2423 scenam
1099 2356 1239 2424 redeunt.

126 2463 381 2547 comparantibus
406 2464 512 2529 autem
533 2460 702 2546 superioris
717 2460 830 2527 scholii
845 2463 936 2541 (973)
951 2460 1122 2529 novissima
1137 2462 1240 2541 verba,

124 2564 146 2653 ἡ
178 2564 214 2632 δὲ
240 2559 276 2645 ς’
304 2564 385 2649 μετὰ
424 2561 616 2651 κορωνίδος,
656 2566 685 2631 11
714 2564 764 2631 his
798 2564 1005 2650 adiungamus
1035 2566 1146 2632 scholii
1177 2572 1238 2633 997

126 2671 225 2737 verba
245 2665 296 2736 ὅτι
317 2665 457 2735 εἰσίασιν
486 2662 518 2734 oi
548 2664 739 2755 ὑποκριταί,
777 2671 855 2735 haec
878 2670 939 2736 duo
966 2669 1085 2736 scholia
1106 2675 1184 2750 (973
1207 2672 1241 2738 11

128 2773 207 2862 997)
230 2774 384 2859 quomodo
406 2773 573 2840 coniuncta
599 2772 732 2853 fuerint,
769 2772 950 2858 planissime
977 2773 1149 2856 apparebit.
1194 2773 1265 2840 Ut'

127 2881 235 2946 autem
270 2879 356 2945 totns
387 2879 467 2944 liber
499 2878 541 2945 sit
574 2878 761 2957 continuus,
795 2877 966 2943 scholiasta
998 2877 1081 2944 inter
1114 2877 1240 2962 singula

127 2983 249 3050 scholia
275 2984 464 3067 interposuit
491 2983 587 3049 verba
617 2977 694 3069 ,ὑφ’
724 2974 769 3047 ὃ“
798 2975 862 3068 (ὑφ’
893 2976 960 3058 οὓς,
993 2974 1045 3066 ὑφ’
1071 2975 1122 3065 ἁ),
1161 2999 1239 3064 quae

127 3087 252 3167 eadem,
274 3105 351 3170 -quc
374 3087 444 3152 loco
473 3087 599 3171 signum
627 3084 746 3172 διπλῆς
774 3087 828 3152 aut
850 3079 1027 3171 κορωνίδος
1053 3084 1095 3150 sit
1119 3084 1239 3151 adseri-

126 3192 266 3258 bendum
279 3190 434 3270 11111111,
457 3190 496 3256 cf.
513 3190 610 3256 schol.
625 3209 694 3274 pac.
711 3196 784 3267 301,
801 3195 901 3268 1329,
924 3190 1148 3269 1111111347,
1165 3195 1239 3256 566.

215 3297 282 3361 Η11
304 3314 415 3362 causas
430 3294 574 3361 sufficere
590 3292 733 3360 existimo
758 3292 798 3359 ad
812 3293 1105 3371 demonstrandum,
1128 3293 1239 3360 Helio-

126 3403 240 3468 dorum
258 3402 440 3468 coutiuuam
464 3420 502 3467 ac
523 3400 708 3484 perpetrem
730 3394 948 3484 κωλομετρίαν
972 3389 1238 3484 Ἀριστοφάνειον

126 3507 348 3588 composuisse.
393 3504 635 3590 grammaticum
668 3503 791 3582 autern,
829 3503 882 3588 qui
904 3501 1034 3570 eandem
1059 3503 1092 3566 in
1120 3501 1239 3568 scholia
1357 3594 1364 3602 ἱ

126 3610 343 3689 transtulerit,
364 3610 581 3695 intellegimus
601 3609 745 3675 accurate
767 3609 857 3675 nobis
880 3608 1046 3674 tradidisse
1062 3608 1157 3674 verba
1171 3608 1238 3672 He-

125 3714 248 3781 liodori.
280 3734 352 3780 oum
371 3716 411 3780 ob
428 3715 511 3780 hanc
529 3733 671 3793 causam,
693 3716 763 3780 tum
779 3711 862 3798 qnod
877 3713 982 3777 omnia
997 3710 1118 3778 scholia
1131 3712 1239 3777 vetera

126 3821 192 3885 tam
219 3818 359 3886 breviter
388 3821 420 3885 11
447 3837 553 3903 presse
581 3821 656 3885 sunt
688 3817 879 3899 conscripta,
914 3817 950 3882 ut
972 3817 1025 3882 rix
1051 3835 1113 3882 uno
1142 3816 1237 3881 verbo

126 3923 250 4007 possint
277 3942 399 4001 carcre,
434 3942 496 3988 non
523 3923 662 3989 alienum
685 3921 811 3988 videtur
833 3920 1001 4003 suspicari,
1032 3919 1071 3986 iis
1091 3919 1237 4004 exceptis,

128 4046 206 4111 quae
234 4026 366 4093 delenda
395 4027 559 4106 annotavi,
596 4026 629 4091 in
659 4026 784 4094 scholiis
813 4026 972 4092 veteribus
999 4024 1238 4111 Aristophaneis

125 4150 222 4216 prope
253 4132 390 4216 genuino
411 4131 576 4197 Heliodori
603 4132 701 4199 verba
727 4131 766 4198 ad
794 4132 936 4198 nostram
963 4130 1148 4196 memoriam
1166 4150 1238 4215 pcr-

127 4255 258 4304 1111111.
