<?xml version="1.0" encoding="UTF-8"?>
<!DOCTYPE html PUBLIC "-//W3C//DTD XHTML 1.0 Transitional//EN"
    "http://www.w3.org/TR/xhtml1/DTD/xhtml1-transitional.dtd">
<html xmlns="http://www.w3.org/1999/xhtml" xml:lang="en" lang="en">
 <head>
  <title>
</title>
<meta http-equiv="Content-Type" content="text/html;charset=utf-8" />
  <meta name='ocr-system' content='tesseract 3.04.00' />
  <meta name='ocr-capabilities' content='ocr_page ocr_carea ocr_par ocr_line ocrx_word'/>
</head>
<body>
  <div class='ocr_page' id='page_1' title='image "./heliodoricolome00heligoog_0137.png"; bbox 0 0 2746 4710; ppageno 0'>
   <div class='ocr_carea' id='block_1_1' title="bbox 125 204 263 294">
    <p class='ocr_par' dir='ltr' id='par_1_1' title="bbox 125 204 263 294">
     <span class='ocr_line' id='line_1_1' title="bbox 125 204 263 294; baseline -0.007 0"><span class='ocrx_word' id='word_1_1' title='bbox 125 237 176 294; x_wconf 82' lang='lat'><strong>114</strong></span> <span class='ocrx_word' id='word_1_2' title='bbox 260 204 263 211; x_wconf 75' lang='grc'><strong><em>’</em></strong></span> 
     </span>
    </p>
   </div>
   <div class='ocr_carea' id='block_1_2' title="bbox 123 391 1296 1728">
    <p class='ocr_par' dir='ltr' id='par_1_2' title="bbox 123 391 1296 1728">
     <span class='ocr_line' id='line_1_2' title="bbox 211 391 1236 477; baseline 0.004 -18"><span class='ocrx_word' id='word_1_3' title='bbox 211 392 463 477; x_wconf 87' lang='lat' dir='ltr'><strong>Autispasticum</strong></span> <span class='ocrx_word' id='word_1_4' title='bbox 496 394 635 458; x_wconf 86' lang='lat' dir='ltr'><strong>metrum</strong></span> <span class='ocrx_word' id='word_1_5' title='bbox 668 391 793 457; x_wconf 88' lang='lat' dir='ltr'><strong>nonnisi</strong></span> <span class='ocrx_word' id='word_1_6' title='bbox 826 392 859 457; x_wconf 93' lang='lat' dir='ltr'><strong>in</strong></span> <span class='ocrx_word' id='word_1_7' title='bbox 893 412 955 458; x_wconf 92' lang='lat' dir='ltr'><strong>uno</strong></span> <span class='ocrx_word' id='word_1_8' title='bbox 990 395 1118 462; x_wconf 93' lang='lat' dir='ltr'><strong>scholio</strong></span> <span class='ocrx_word' id='word_1_9' title='bbox 1149 397 1236 462; x_wconf 90' lang='lat' dir='ltr'><strong>nobis</strong></span> 
     </span>
     <span class='ocr_line' id='line_1_3' title="bbox 124 486 1236 585; baseline 0 -20"><span class='ocrx_word' id='word_1_10' title='bbox 124 500 274 578; x_wconf 85' lang='lat' dir='ltr'><strong>occurrit,</strong></span> <span class='ocrx_word' id='word_1_11' title='bbox 307 498 362 563; x_wconf 88' lang='lat' dir='ltr'><strong>ubi</strong></span> <span class='ocrx_word' id='word_1_12' title='bbox 385 516 496 562; x_wconf 89' lang='lat' dir='ltr'><strong>versus</strong></span> <span class='ocrx_word' id='word_1_13' title='bbox 535 491 623 580; x_wconf 62' lang='grc' dir='ltr'><strong><em>δεῦρ)</em></strong></span> <span class='ocrx_word' id='word_1_14' title='bbox 647 486 723 560; x_wconf 70' lang='lat' dir='ltr'><strong>eto’</strong></span> <span class='ocrx_word' id='word_1_15' title='bbox 745 493 779 572; x_wconf 81' lang='grc' dir='ltr'><strong>ἐς</strong></span> <span class='ocrx_word' id='word_1_16' title='bbox 808 492 920 582; x_wconf 89' lang='grc' dir='ltr'><strong><em>χορόν,</em></strong></span> <span class='ocrx_word' id='word_1_17' title='bbox 956 490 984 562; x_wconf 77' lang='grc' dir='ltr'><em>ὦ</em></span> <span class='ocrx_word' id='word_1_18' title='bbox 1001 495 1236 585; x_wconf 75' lang='grc' dir='ltr'><strong><em>χρυσοτρίαιν’,</em></strong></span> 
     </span>
     <span class='ocr_line' id='line_1_4' title="bbox 125 595 1237 688; baseline 0.004 -20"><span class='ocrx_word' id='word_1_19' title='bbox 125 596 152 668; x_wconf 78' lang='grc' dir='ltr'><em>ὦ</em></span> <span class='ocrx_word' id='word_1_20' title='bbox 174 604 289 668; x_wconf 86' lang='lat' dir='ltr'><strong>dicitur</strong></span> <span class='ocrx_word' id='word_1_21' title='bbox 314 596 570 664; x_wconf 77' lang='grc' dir='ltr'><strong><em>ιίντισντοιστικὸν</em></strong></span> <span class='ocrx_word' id='word_1_22' title='bbox 596 595 764 685; x_wconf 83' lang='grc' dir='ltr'><strong><em>τρίμετρον</em></strong></span> <span class='ocrx_word' id='word_1_23' title='bbox 786 595 1036 688; x_wconf 76' lang='grc' dir='ltr'><strong><em>καταληκτικόν,</em></strong></span> <span class='ocrx_word' id='word_1_24' title='bbox 1065 625 1139 670; x_wconf 86' lang='lat' dir='ltr'><strong>oum</strong></span> <span class='ocrx_word' id='word_1_25' title='bbox 1157 607 1237 671; x_wconf 87' lang='lat' dir='ltr'><strong>Phe-</strong></span> 
     </span>
     <span class='ocr_line' id='line_1_5' title="bbox 124 694 1237 791; baseline 0.002 -17"><span class='ocrx_word' id='word_1_26' title='bbox 124 710 284 774; x_wconf 88' lang='lat' dir='ltr'><strong>recrateus</strong></span> <span class='ocrx_word' id='word_1_27' title='bbox 322 707 355 770; x_wconf 91' lang='lat' dir='ltr'><strong>ot</strong></span> <span class='ocrx_word' id='word_1_28' title='bbox 388 703 566 788; x_wconf 82' lang='lat' dir='ltr'><strong>Glyconeus</strong></span> <span class='ocrx_word' id='word_1_29' title='bbox 604 694 844 768; x_wconf 80' lang='grc' dir='ltr'><strong><em>ιίντισιιιιστικὰ</em></strong></span> <span class='ocrx_word' id='word_1_30' title='bbox 882 700 1017 791; x_wconf 79' lang='grc' dir='ltr'><strong><em>ὀίμετροι</em></strong></span> <span class='ocrx_word' id='word_1_31' title='bbox 1053 709 1237 775; x_wconf 86' lang='lat' dir='ltr'><strong>habeantur.</strong></span> 
     </span>
     <span class='ocr_line' id='line_1_6' title="bbox 124 807 1238 900; baseline 0.001 -23"><span class='ocrx_word' id='word_1_32' title='bbox 124 811 388 878; x_wconf 78' lang='lat' dir='ltr'><strong>commemoratur</strong></span> <span class='ocrx_word' id='word_1_33' title='bbox 411 811 518 873; x_wconf 89' lang='lat' dir='ltr'><strong>autem</strong></span> <span class='ocrx_word' id='word_1_34' title='bbox 538 810 702 891; x_wconf 88' lang='lat' dir='ltr'><strong>praeterea</strong></span> <span class='ocrx_word' id='word_1_35' title='bbox 724 808 756 872; x_wconf 90' lang='lat' dir='ltr'><strong>in</strong></span> <span class='ocrx_word' id='word_1_36' title='bbox 779 807 876 874; x_wconf 90' lang='lat' dir='ltr'><strong>schol.</strong></span> <span class='ocrx_word' id='word_1_37' title='bbox 899 809 973 874; x_wconf 90' lang='lat' dir='ltr'><strong>nuh.</strong></span> <span class='ocrx_word' id='word_1_38' title='bbox 989 817 1054 878; x_wconf 80' lang='lat'><strong>457</strong></span> <span class='ocrx_word' id='word_1_39' title='bbox 1079 811 1238 900; x_wconf 76' lang='grc' dir='ltr'><strong><em>Φερεκρά-</em></strong></span> 
     </span>
     <span class='ocr_line' id='line_1_7' title="bbox 125 908 1250 996; baseline 0.004 -18"><span class='ocrx_word' id='word_1_40' title='bbox 125 937 212 979; x_wconf 84' lang='grc' dir='ltr'><strong><em>τειον</em></strong></span> <span class='ocrx_word' id='word_1_41' title='bbox 241 908 363 991; x_wconf 61' lang='grc' dir='ltr'><strong>ἀτελές,</strong></span> <span class='ocrx_word' id='word_1_42' title='bbox 401 913 489 977; x_wconf 90' lang='lat' dir='ltr'><strong>cuius</strong></span> <span class='ocrx_word' id='word_1_43' title='bbox 521 912 639 978; x_wconf 90' lang='lat' dir='ltr'><strong>mentio</strong></span> <span class='ocrx_word' id='word_1_44' title='bbox 669 911 707 977; x_wconf 90' lang='lat' dir='ltr'><strong>fit</strong></span> <span class='ocrx_word' id='word_1_45' title='bbox 736 911 833 977; x_wconf 89' lang='lat' dir='ltr'><strong>etiam</strong></span> <span class='ocrx_word' id='word_1_46' title='bbox 863 911 945 996; x_wconf 88' lang='lat' dir='ltr'><strong>apud</strong></span> <span class='ocrx_word' id='word_1_47' title='bbox 971 913 1016 979; x_wconf 88' lang='lat' dir='ltr'><strong>M.</strong></span> <span class='ocrx_word' id='word_1_48' title='bbox 1039 915 1250 982; x_wconf 73' lang='lat' dir='ltr'><strong>Victorinum·</strong></span> 
     </span>
     <span class='ocr_line' id='line_1_8' title="bbox 123 1015 1237 1104; baseline 0.005 -23"><span class='ocrx_word' id='word_1_49' title='bbox 123 1017 167 1102; x_wconf 88' lang='lat' dir='ltr'><strong>(p.</strong></span> <span class='ocrx_word' id='word_1_50' title='bbox 185 1024 246 1082; x_wconf 87' lang='lat'><strong>119</strong></span> <span class='ocrx_word' id='word_1_51' title='bbox 270 1017 318 1081; x_wconf 86' lang='lat' dir='ltr'><strong>ed.</strong></span> <span class='ocrx_word' id='word_1_52' title='bbox 340 1015 408 1098; x_wconf 62' lang='lat' dir='ltr'><strong>Gt:</strong></span> <span class='ocrx_word' id='word_1_53' title='bbox 452 1015 631 1081; x_wconf 90' lang='lat' dir='ltr'><strong>Dimetrum</strong></span> <span class='ocrx_word' id='word_1_54' title='bbox 653 1015 734 1099; x_wconf 83' lang='lat' dir='ltr'><strong>(scil</strong></span> <span class='ocrx_word' id='word_1_55' title='bbox 757 1015 1010 1104; x_wconf 87' lang='lat' dir='ltr'><strong>antispastioum)</strong></span> <span class='ocrx_word' id='word_1_56' title='bbox 1029 1019 1237 1104; x_wconf 84' lang='lat' dir='ltr'><strong>brachycata-</strong></span> 
     </span>
     <span class='ocr_line' id='line_1_9' title="bbox 123 1111 1237 1204; baseline 0.004 -20"><span class='ocrx_word' id='word_1_57' title='bbox 123 1119 259 1199; x_wconf 89' lang='lat' dir='ltr'><strong>lectum,</strong></span> <span class='ocrx_word' id='word_1_58' title='bbox 279 1117 363 1203; x_wconf 86' lang='lat' dir='ltr'><strong>quod</strong></span> <span class='ocrx_word' id='word_1_59' title='bbox 385 1118 513 1201; x_wconf 91' lang='lat' dir='ltr'><strong>quidam</strong></span> <span class='ocrx_word' id='word_1_60' title='bbox 541 1111 772 1204; x_wconf 75' lang='grc' dir='ltr'><strong><em>Φερεκράτειον</em></strong></span> <span class='ocrx_word' id='word_1_61' title='bbox 794 1113 904 1197; x_wconf 72' lang='grc' dir='ltr'><strong><em>ἀτελὲς</em></strong></span> <span class='ocrx_word' id='word_1_62' title='bbox 924 1124 1055 1202; x_wconf 84' lang='lat' dir='ltr'><strong>uocant,</strong></span> <span class='ocrx_word' id='word_1_63' title='bbox 1090 1125 1237 1204; x_wconf 86' lang='lat' dir='ltr'><strong>„choreis</strong></span> 
     </span>
     <span class='ocr_line' id='line_1_10' title="bbox 126 1224 1238 1307; baseline 0.004 -17"><span class='ocrx_word' id='word_1_64' title='bbox 126 1227 270 1303; x_wconf 87' lang='lat' dir='ltr'><strong>cantat“,</strong></span> <span class='ocrx_word' id='word_1_65' title='bbox 294 1247 315 1276; x_wconf 75' lang='grc' dir='ltr'><strong><em>ν</em></strong></span> <span class='ocrx_word' id='word_1_66' title='bbox 331 1262 349 1273; x_wconf 89' lang='grc'><strong>-</strong></span> <span class='ocrx_word' id='word_1_67' title='bbox 367 1261 386 1271; x_wconf 95' lang='grc'><strong>-</strong></span> <span class='ocrx_word' id='word_1_68' title='bbox 403 1262 422 1272; x_wconf 94' lang='grc'><strong>-</strong></span> <span class='ocrx_word' id='word_1_69' title='bbox 443 1225 447 1307; x_wconf 77' lang='lat' dir='ltr'><strong>t</strong></span> <span class='ocrx_word' id='word_1_70' title='bbox 469 1246 498 1288; x_wconf 76' lang='grc' dir='ltr'><strong>υ.</strong></span> <span class='ocrx_word' id='word_1_71' title='bbox 543 1226 580 1289; x_wconf 91' lang='lat' dir='ltr'><strong>ut</strong></span> <span class='ocrx_word' id='word_1_72' title='bbox 601 1224 717 1288; x_wconf 87' lang='lat' dir='ltr'><strong>mirum</strong></span> <span class='ocrx_word' id='word_1_73' title='bbox 738 1224 803 1302; x_wconf 87' lang='lat' dir='ltr'><strong>ost,</strong></span> <span class='ocrx_word' id='word_1_74' title='bbox 834 1225 916 1306; x_wconf 87' lang='lat' dir='ltr'><strong>quod</strong></span> <span class='ocrx_word' id='word_1_75' title='bbox 945 1228 1039 1292; x_wconf 89' lang='lat' dir='ltr'><strong>vetus</strong></span> <span class='ocrx_word' id='word_1_76' title='bbox 1067 1229 1238 1294; x_wconf 86' lang='lat' dir='ltr'><strong>scholiasta</strong></span> 
     </span>
     <span class='ocr_line' id='line_1_11' title="bbox 125 1325 1296 1421; baseline 0.003 -26"><span class='ocrx_word' id='word_1_77' title='bbox 125 1348 251 1396; x_wconf 85' lang='lat' dir='ltr'><strong>uersum</strong></span> <span class='ocrx_word' id='word_1_78' title='bbox 268 1327 512 1412; x_wconf 84' lang='lat' dir='ltr'><strong>ithyphalhoum</strong></span> <span class='ocrx_word' id='word_1_79' title='bbox 531 1328 591 1393; x_wconf 90' lang='lat' dir='ltr'><strong>hoe</strong></span> <span class='ocrx_word' id='word_1_80' title='bbox 613 1325 706 1392; x_wconf 87' lang='lat' dir='ltr'><strong>modo</strong></span> <span class='ocrx_word' id='word_1_81' title='bbox 729 1327 955 1410; x_wconf 84' lang='lat' dir='ltr'><strong>interpretatus</strong></span> <span class='ocrx_word' id='word_1_82' title='bbox 976 1329 1034 1410; x_wconf 91' lang='lat' dir='ltr'><strong>sit,</strong></span> <span class='ocrx_word' id='word_1_83' title='bbox 1066 1331 1116 1397; x_wconf 88' lang='lat' dir='ltr'><strong>ita</strong></span> <span class='ocrx_word' id='word_1_84' title='bbox 1137 1331 1237 1398; x_wconf 86' lang='lat' dir='ltr'><strong>mani-</strong></span> <span class='ocrx_word' id='word_1_85' title='bbox 1290 1408 1296 1421; x_wconf 38' lang='grc' dir='ltr'><em>Ι</em></span> 
     </span>
     <span class='ocr_line' id='line_1_12' title="bbox 125 1430 1236 1514; baseline 0.003 -17"><span class='ocrx_word' id='word_1_86' title='bbox 125 1433 348 1511; x_wconf 86' lang='lat' dir='ltr'><strong>festissimum,</strong></span> <span class='ocrx_word' id='word_1_87' title='bbox 384 1431 467 1514; x_wconf 88' lang='lat' dir='ltr'><strong>apud</strong></span> <span class='ocrx_word' id='word_1_88' title='bbox 498 1432 542 1497; x_wconf 89' lang='lat' dir='ltr'><strong>M.</strong></span> <span class='ocrx_word' id='word_1_89' title='bbox 562 1430 777 1508; x_wconf 73' lang='lat' dir='ltr'><strong>Victorinum,</strong></span> <span class='ocrx_word' id='word_1_90' title='bbox 814 1430 868 1513; x_wconf 91' lang='lat' dir='ltr'><strong>qui</strong></span> <span class='ocrx_word' id='word_1_91' title='bbox 896 1432 970 1498; x_wconf 87' lang='lat' dir='ltr'><strong>inde</strong></span> <span class='ocrx_word' id='word_1_92' title='bbox 1000 1435 1236 1502; x_wconf 86' lang='lat' dir='ltr'><strong>omonometro</strong></span> 
     </span>
     <span class='ocr_line' id='line_1_13' title="bbox 127 1534 1236 1622; baseline 0.004 -20"><span class='ocrx_word' id='word_1_93' title='bbox 127 1536 331 1622; x_wconf 85' lang='lat' dir='ltr'><strong>antispastieo</strong></span> <span class='ocrx_word' id='word_1_94' title='bbox 353 1535 393 1600; x_wconf 84' lang='lat' dir='ltr'><strong>ad</strong></span> <span class='ocrx_word' id='word_1_95' title='bbox 415 1535 510 1602; x_wconf 89' lang='lat' dir='ltr'><strong>metri</strong></span> <span class='ocrx_word' id='word_1_96' title='bbox 530 1534 693 1620; x_wconf 70' lang='lat' dir='ltr'><strong>fastigium</strong></span> <span class='ocrx_word' id='word_1_97' title='bbox 729 1536 965 1620; x_wconf 68' lang='lat' dir='ltr'><strong>progrediatur,</strong></span> <span class='ocrx_word' id='word_1_98' title='bbox 1000 1537 1121 1606; x_wconf 85' lang='lat' dir='ltr'><strong>falsum</strong></span> <span class='ocrx_word' id='word_1_99' title='bbox 1156 1539 1236 1606; x_wconf 84' lang='lat' dir='ltr'><strong>tradi</strong></span> 
     </span>
     <span class='ocr_line' id='line_1_14' title="bbox 125 1638 1129 1728; baseline 0.005 -23"><span class='ocrx_word' id='word_1_100' title='bbox 125 1641 304 1724; x_wconf 83' lang='lat' dir='ltr'><strong>exemplum</strong></span> <span class='ocrx_word' id='word_1_101' title='bbox 340 1638 488 1717; x_wconf 86' lang='lat' dir='ltr'><strong>„choreis</strong></span> <span class='ocrx_word' id='word_1_102' title='bbox 512 1641 654 1704; x_wconf 86' lang='lat' dir='ltr'><strong>cantat“.</strong></span> <span class='ocrx_word' id='word_1_103' title='bbox 678 1638 763 1722; x_wconf 82' lang='lat' dir='ltr'><strong>(fort.</strong></span> <span class='ocrx_word' id='word_1_104' title='bbox 784 1640 967 1724; x_wconf 80' lang='lat' dir='ltr'><strong>choreisque</strong></span> <span class='ocrx_word' id='word_1_105' title='bbox 987 1638 992 1728; x_wconf 84' lang='grc' dir='ltr'>Ι</span> <span class='ocrx_word' id='word_1_106' title='bbox 1012 1645 1129 1728; x_wconf 73' lang='lat' dir='ltr'><strong>canat).</strong></span> 
     </span>
    </p>
   </div>
   <div class='ocr_carea' id='block_1_3' title="bbox 125 1793 1275 2395">
    <p class='ocr_par' dir='ltr' id='par_1_3' title="bbox 125 1793 1275 2395">
     <span class='ocr_line' id='line_1_15' title="bbox 213 1793 1235 1878; baseline 0.004 -20"><span class='ocrx_word' id='word_1_107' title='bbox 213 1794 353 1858; x_wconf 88' lang='lat' dir='ltr'><strong>Metrum</strong></span> <span class='ocrx_word' id='word_1_108' title='bbox 381 1793 599 1859; x_wconf 85' lang='lat' dir='ltr'><strong>dochmiaoum</strong></span> <span class='ocrx_word' id='word_1_109' title='bbox 624 1795 716 1861; x_wconf 88' lang='lat' dir='ltr'><strong>vetus</strong></span> <span class='ocrx_word' id='word_1_110' title='bbox 750 1795 995 1878; x_wconf 83' lang='lat' dir='ltr'><strong>grammaticus,</strong></span> <span class='ocrx_word' id='word_1_111' title='bbox 1034 1796 1113 1863; x_wconf 90' lang='lat' dir='ltr'><strong>lieet</strong></span> <span class='ocrx_word' id='word_1_112' title='bbox 1142 1797 1235 1864; x_wconf 87' lang='lat' dir='ltr'><strong>doch·</strong></span> 
     </span>
     <span class='ocr_line' id='line_1_16' title="bbox 125 1897 1236 1983; baseline 0.002 -19"><span class='ocrx_word' id='word_1_113' title='bbox 125 1900 264 1968; x_wconf 88' lang='lat' dir='ltr'><strong>miaeum</strong></span> <span class='ocrx_word' id='word_1_114' title='bbox 287 1898 400 1982; x_wconf 87' lang='lat' dir='ltr'><strong>podem</strong></span> <span class='ocrx_word' id='word_1_115' title='bbox 428 1897 666 1982; x_wconf 90' lang='lat' dir='ltr'><strong>antispasticum</strong></span> <span class='ocrx_word' id='word_1_116' title='bbox 693 1898 924 1962; x_wconf 90' lang='lat' dir='ltr'><strong>monometrum</strong></span> <span class='ocrx_word' id='word_1_117' title='bbox 945 1899 1236 1983; x_wconf 87' lang='lat' dir='ltr'><strong>hypercatalectum</strong></span> 
     </span>
     <span class='ocr_line' id='line_1_17' title="bbox 125 2000 1275 2085; baseline 0.002 -17"><span class='ocrx_word' id='word_1_118' title='bbox 125 2003 289 2082; x_wconf 88' lang='lat' dir='ltr'><strong>habuerit,</strong></span> <span class='ocrx_word' id='word_1_119' title='bbox 332 2000 455 2067; x_wconf 87' lang='lat' dir='ltr'><strong>scandit</strong></span> <span class='ocrx_word' id='word_1_120' title='bbox 489 2020 545 2085; x_wconf 85' lang='lat' dir='ltr'><strong>per</strong></span> <span class='ocrx_word' id='word_1_121' title='bbox 582 2000 725 2084; x_wconf 82' lang='lat' dir='ltr'><strong>singulos</strong></span> <span class='ocrx_word' id='word_1_122' title='bbox 758 2000 852 2084; x_wconf 84' lang='lat' dir='ltr'><strong>pedes</strong></span> <span class='ocrx_word' id='word_1_123' title='bbox 889 2001 928 2065; x_wconf 85' lang='lat' dir='ltr'><strong>cf.</strong></span> <span class='ocrx_word' id='word_1_124' title='bbox 965 2002 1062 2068; x_wconf 91' lang='lat' dir='ltr'><strong>schol.</strong></span> <span class='ocrx_word' id='word_1_125' title='bbox 1100 2003 1235 2070; x_wconf 80' lang='lat' dir='ltr'><strong>Acheru.</strong></span> <span class='ocrx_word' id='word_1_126' title='bbox 1272 2007 1275 2014; x_wconf 89' lang='lat'>&#39;</span> 
     </span>
     <span class='ocr_line' id='line_1_18' title="bbox 126 2097 1234 2188; baseline 0 -16"><span class='ocrx_word' id='word_1_127' title='bbox 126 2101 254 2172; x_wconf 79' lang='grc' dir='ltr'><strong><em>ἁπλοῦν</em></strong></span> <span class='ocrx_word' id='word_1_128' title='bbox 281 2104 320 2171; x_wconf 88' lang='grc' dir='ltr'><strong>τὸ</strong></span> <span class='ocrx_word' id='word_1_129' title='bbox 344 2101 454 2188; x_wconf 87' lang='grc' dir='ltr'><strong><em>τρίτον</em></strong></span> <span class='ocrx_word' id='word_1_130' title='bbox 484 2142 528 2150; x_wconf 92' lang='grc'>-</span> <span class='ocrx_word' id='word_1_131' title='bbox 557 2103 693 2169; x_wconf 77' lang='grc' dir='ltr'><em>διπλοῦν</em></span> <span class='ocrx_word' id='word_1_132' title='bbox 722 2097 761 2168; x_wconf 85' lang='grc' dir='ltr'><strong>τὸ</strong></span> <span class='ocrx_word' id='word_1_133' title='bbox 791 2100 881 2168; x_wconf 74' lang='grc' dir='ltr'><strong><em>ἕκτον</em></strong></span> <span class='ocrx_word' id='word_1_134' title='bbox 912 2106 945 2169; x_wconf 83' lang='lat' dir='ltr'><strong>ot</strong></span> <span class='ocrx_word' id='word_1_135' title='bbox 973 2105 1070 2171; x_wconf 86' lang='lat' dir='ltr'><strong>schol.</strong></span> <span class='ocrx_word' id='word_1_136' title='bbox 1099 2106 1234 2174; x_wconf 80' lang='lat' dir='ltr'><strong>Acheru.</strong></span> 
     </span>
     <span class='ocr_line' id='line_1_19' title="bbox 128 2203 1236 2298; baseline 0 -23"><span class='ocrx_word' id='word_1_137' title='bbox 128 2217 207 2290; x_wconf 80' lang='grc'>284,</span> <span class='ocrx_word' id='word_1_138' title='bbox 239 2217 319 2289; x_wconf 83' lang='grc'>384,</span> <span class='ocrx_word' id='word_1_139' title='bbox 355 2210 387 2273; x_wconf 88' lang='lat' dir='ltr'><strong>ot</strong></span> <span class='ocrx_word' id='word_1_140' title='bbox 410 2229 455 2292; x_wconf 88' lang='lat' dir='ltr'><strong>eq.</strong></span> <span class='ocrx_word' id='word_1_141' title='bbox 481 2214 561 2286; x_wconf 84' lang='lat'><strong>303,</strong></span> <span class='ocrx_word' id='word_1_142' title='bbox 583 2208 639 2273; x_wconf 90' lang='lat' dir='ltr'><strong>ubi</strong></span> <span class='ocrx_word' id='word_1_143' title='bbox 661 2206 779 2292; x_wconf 84' lang='lat' dir='ltr'><strong>legitur</strong></span> <span class='ocrx_word' id='word_1_144' title='bbox 805 2205 843 2272; x_wconf 88' lang='grc' dir='ltr'><strong>τὸ</strong></span> <span class='ocrx_word' id='word_1_145' title='bbox 866 2203 1012 2293; x_wconf 76' lang='grc' dir='ltr'><strong><em>δεύτερον</em></strong></span> <span class='ocrx_word' id='word_1_146' title='bbox 1033 2205 1069 2272; x_wconf 79' lang='grc' dir='ltr'><strong>ἐκ</strong></span> <span class='ocrx_word' id='word_1_147' title='bbox 1090 2210 1236 2298; x_wconf 76' lang='grc' dir='ltr'><strong><em>κρητικοῦ</em></strong></span> 
     </span>
     <span class='ocr_line' id='line_1_20' title="bbox 126 2307 1235 2395; baseline 0.001 -18"><span class='ocrx_word' id='word_1_148' title='bbox 126 2312 181 2377; x_wconf 85' lang='grc' dir='ltr'><strong>καὶ</strong></span> <span class='ocrx_word' id='word_1_149' title='bbox 209 2308 342 2394; x_wconf 81' lang='grc' dir='ltr'><strong><em>δοχμίοο</em></strong></span> <span class='ocrx_word' id='word_1_150' title='bbox 370 2311 451 2395; x_wconf 88' lang='lat' dir='ltr'><strong>(scil.</strong></span> <span class='ocrx_word' id='word_1_151' title='bbox 480 2307 606 2394; x_wconf 79' lang='grc' dir='ltr'><strong><em>ποδὸς).</em></strong></span> <span class='ocrx_word' id='word_1_152' title='bbox 658 2330 766 2378; x_wconf 87' lang='lat' dir='ltr'><strong>veram</strong></span> <span class='ocrx_word' id='word_1_153' title='bbox 798 2312 906 2377; x_wconf 88' lang='lat' dir='ltr'><strong>autom</strong></span> <span class='ocrx_word' id='word_1_154' title='bbox 940 2310 1110 2380; x_wconf 80' lang='lat' dir='ltr'><strong>lectionem</strong></span> <span class='ocrx_word' id='word_1_155' title='bbox 1142 2314 1235 2380; x_wconf 81' lang='lat' dir='ltr'><strong>fuisso</strong></span> 
     </span>
    </p>
   </div>
   <div class='ocr_carea' id='block_1_4' title="bbox 49 2410 1236 3019">
    <p class='ocr_par' dir='ltr' id='par_1_4' title="bbox 126 2410 1236 2501">
     <span class='ocr_line' id='line_1_21' title="bbox 126 2410 1236 2501; baseline 0 -19"><span class='ocrx_word' id='word_1_156' title='bbox 126 2417 267 2499; x_wconf 90' lang='lat' dir='ltr'><strong>suspicor</strong></span> <span class='ocrx_word' id='word_1_157' title='bbox 286 2410 410 2490; x_wconf 79' lang='grc' dir='ltr'><strong><em>ἁπλοῦς</em></strong></span> <span class='ocrx_word' id='word_1_158' title='bbox 437 2411 569 2495; x_wconf 81' lang='grc' dir='ltr'><strong><em>δόχμιος</em></strong></span> <span class='ocrx_word' id='word_1_159' title='bbox 597 2416 629 2479; x_wconf 91' lang='lat' dir='ltr'><strong>ot</strong></span> <span class='ocrx_word' id='word_1_160' title='bbox 660 2413 810 2494; x_wconf 72' lang='grc' dir='ltr'><strong>διπλοῦς,</strong></span> <span class='ocrx_word' id='word_1_161' title='bbox 849 2413 887 2479; x_wconf 87' lang='lat' dir='ltr'><strong>do</strong></span> <span class='ocrx_word' id='word_1_162' title='bbox 909 2433 971 2497; x_wconf 91' lang='lat' dir='ltr'><strong>qua</strong></span> <span class='ocrx_word' id='word_1_163' title='bbox 998 2434 1033 2479; x_wconf 90' lang='lat' dir='ltr'><strong>re</strong></span> <span class='ocrx_word' id='word_1_164' title='bbox 1055 2416 1122 2482; x_wconf 91' lang='lat' dir='ltr'><strong>iam</strong></span> <span class='ocrx_word' id='word_1_165' title='bbox 1143 2435 1236 2501; x_wconf 88' lang='lat' dir='ltr'><strong>supra</strong></span> 
     </span>
    </p>

    <p class='ocr_par' dir='ltr' id='par_1_5' title="bbox 127 2516 1234 2604">
     <span class='ocr_line' id='line_1_22' title="bbox 127 2516 1234 2604; baseline 0.002 -20"><span class='ocrx_word' id='word_1_166' title='bbox 127 2518 303 2585; x_wconf 76' lang='lat' dir='ltr'><strong>accuratius</strong></span> <span class='ocrx_word' id='word_1_167' title='bbox 326 2516 397 2582; x_wconf 85' lang='lat' dir='ltr'><strong>dixi.</strong></span> <span class='ocrx_word' id='word_1_168' title='bbox 439 2518 535 2582; x_wconf 90' lang='lat' dir='ltr'><strong>metri</strong></span> <span class='ocrx_word' id='word_1_169' title='bbox 563 2517 662 2583; x_wconf 93' lang='lat' dir='ltr'><strong>Ionici</strong></span> <span class='ocrx_word' id='word_1_170' title='bbox 685 2517 826 2602; x_wconf 81' lang='lat' dir='ltr'><strong>exempla</strong></span> <span class='ocrx_word' id='word_1_171' title='bbox 848 2519 972 2583; x_wconf 85' lang='lat' dir='ltr'><strong>exstant</strong></span> <span class='ocrx_word' id='word_1_172' title='bbox 992 2518 1025 2583; x_wconf 97' lang='lat' dir='ltr'><strong>in</strong></span> <span class='ocrx_word' id='word_1_173' title='bbox 1048 2519 1148 2586; x_wconf 87' lang='lat' dir='ltr'><strong>schol.</strong></span> <span class='ocrx_word' id='word_1_174' title='bbox 1169 2539 1234 2604; x_wconf 89' lang='lat' dir='ltr'><strong>pac.</strong></span> 
     </span>
    </p>

    <p class='ocr_par' dir='ltr' id='par_1_6' title="bbox 128 2613 1235 2709">
     <span class='ocr_line' id='line_1_23' title="bbox 128 2613 1235 2709; baseline 0.002 -22"><span class='ocrx_word' id='word_1_175' title='bbox 128 2629 190 2687; x_wconf 85' lang='grc'><strong>856</strong></span> <span class='ocrx_word' id='word_1_176' title='bbox 223 2616 370 2702; x_wconf 73' lang='grc' dir='ltr'><strong>,Ἰωνικὰ</strong></span> <span class='ocrx_word' id='word_1_177' title='bbox 402 2613 472 2684; x_wconf 76' lang='grc' dir='ltr'><strong><em>ἄντί)</em></strong></span> <span class='ocrx_word' id='word_1_178' title='bbox 503 2615 646 2702; x_wconf 81' lang='grc' dir='ltr'><strong><em>μείζονος</em></strong></span> <span class='ocrx_word' id='word_1_179' title='bbox 671 2615 897 2708; x_wconf 77' lang='grc' dir='ltr'><strong>ἓφθημιμερῆ,</strong></span> <span class='ocrx_word' id='word_1_180' title='bbox 936 2623 968 2686; x_wconf 88' lang='lat' dir='ltr'><strong>et</strong></span> <span class='ocrx_word' id='word_1_181' title='bbox 996 2616 1154 2709; x_wconf 65' lang='grc' dir='ltr'><strong>ἡμιόλιοιιι</strong></span> <span class='ocrx_word' id='word_1_182' title='bbox 1184 2624 1235 2708; x_wconf 82' lang='lat' dir='ltr'><strong>(of.</strong></span> 
     </span>
    </p>

    <p class='ocr_par' dir='ltr' id='par_1_7' title="bbox 126 2723 1235 2810">
     <span class='ocr_line' id='line_1_24' title="bbox 126 2723 1235 2810; baseline 0.003 -20"><span class='ocrx_word' id='word_1_183' title='bbox 126 2726 223 2793; x_wconf 87' lang='lat' dir='ltr'><strong>schol.</strong></span> <span class='ocrx_word' id='word_1_184' title='bbox 243 2745 311 2810; x_wconf 87' lang='lat' dir='ltr'><strong>pac.</strong></span> <span class='ocrx_word' id='word_1_185' title='bbox 329 2730 407 2803; x_wconf 85' lang='lat'><strong>939,</strong></span> <span class='ocrx_word' id='word_1_186' title='bbox 438 2723 509 2791; x_wconf 93' lang='lat' dir='ltr'><strong>nub.</strong></span> <span class='ocrx_word' id='word_1_187' title='bbox 533 2731 617 2788; x_wconf 87' lang='lat'>1303</span> <span class='ocrx_word' id='word_1_188' title='bbox 646 2726 678 2790; x_wconf 89' lang='lat' dir='ltr'><strong>ot</strong></span> <span class='ocrx_word' id='word_1_189' title='bbox 708 2726 821 2808; x_wconf 80' lang='lat'><strong>1345),</strong></span> <span class='ocrx_word' id='word_1_190' title='bbox 857 2744 936 2808; x_wconf 91' lang='lat' dir='ltr'><strong>quae</strong></span> <span class='ocrx_word' id='word_1_191' title='bbox 967 2724 1076 2791; x_wconf 87' lang='lat' dir='ltr'><strong>eadem</strong></span> <span class='ocrx_word' id='word_1_192' title='bbox 1106 2727 1235 2793; x_wconf 88' lang='lat' dir='ltr'><strong>colain</strong></span> 
     </span>
    </p>

    <p class='ocr_par' dir='ltr' id='par_1_8' title="bbox 49 2819 1236 3019">
     <span class='ocr_line' id='line_1_25' title="bbox 49 2819 1236 2919; baseline 0.001 -25"><span class='ocrx_word' id='word_1_193' title='bbox 49 2838 51 2842; x_wconf 80' lang='grc'>’</span> <span class='ocrx_word' id='word_1_194' title='bbox 126 2819 313 2914; x_wconf 83' lang='lat' dir='ltr'><strong>scholpac.</strong></span> <span class='ocrx_word' id='word_1_195' title='bbox 338 2835 422 2893; x_wconf 80' lang='lat'>1329</span> <span class='ocrx_word' id='word_1_196' title='bbox 446 2827 645 2912; x_wconf 77' lang='lat' dir='ltr'><strong>appellantur</strong></span> <span class='ocrx_word' id='word_1_197' title='bbox 674 2877 692 2908; x_wconf 88' lang='lat'><strong>‚‚</strong></span> <span class='ocrx_word' id='word_1_198' title='bbox 703 2823 838 2913; x_wconf 71' lang='lat' dir='ltr'><strong>clipeatos</strong></span> <span class='ocrx_word' id='word_1_199' title='bbox 862 2826 1078 2916; x_wconf 83' lang='grc' dir='ltr'><strong><em>καταληκτικὰ</em></strong></span> <span class='ocrx_word' id='word_1_200' title='bbox 1100 2833 1134 2896; x_wconf 84' lang='lat' dir='ltr'><strong>et</strong></span> <span class='ocrx_word' id='word_1_201' title='bbox 1156 2835 1236 2919; x_wconf 83' lang='grc' dir='ltr'><strong><em>βρα-</em></strong></span> 
     </span>
     <span class='ocr_line' id='line_1_26' title="bbox 125 2930 578 3019; baseline 0 -23"><span class='ocrx_word' id='word_1_202' title='bbox 125 2930 373 3019; x_wconf 83' lang='grc' dir='ltr'><strong><em>χυκατάληνιτα.“</em></strong></span> <span class='ocrx_word' id='word_1_203' title='bbox 574 2949 578 2958; x_wconf 88' lang='grc'><strong><em>·</em></strong></span> 
     </span>
    </p>
   </div>
   <div class='ocr_carea' id='block_1_5' title="bbox 127 3084 1239 4312">
    <p class='ocr_par' dir='ltr' id='par_1_9' title="bbox 127 3084 1239 4312">
     <span class='ocr_line' id='line_1_27' title="bbox 217 3084 1237 3169; baseline 0.006 -21"><span class='ocrx_word' id='word_1_204' title='bbox 217 3085 313 3149; x_wconf 88' lang='lat' dir='ltr'><strong>Metri</strong></span> <span class='ocrx_word' id='word_1_205' title='bbox 332 3084 474 3167; x_wconf 88' lang='lat' dir='ltr'><strong>paeonici</strong></span> <span class='ocrx_word' id='word_1_206' title='bbox 494 3085 578 3166; x_wconf 90' lang='lat' dir='ltr'><strong>quod</strong></span> <span class='ocrx_word' id='word_1_207' title='bbox 598 3104 654 3169; x_wconf 91' lang='lat' dir='ltr'><strong>por</strong></span> <span class='ocrx_word' id='word_1_208' title='bbox 677 3084 817 3168; x_wconf 74' lang='lat' dir='ltr'><strong>singulos</strong></span> <span class='ocrx_word' id='word_1_209' title='bbox 831 3084 925 3169; x_wconf 80' lang='lat' dir='ltr'><strong>pedes</strong></span> <span class='ocrx_word' id='word_1_210' title='bbox 943 3084 1071 3168; x_wconf 87' lang='lat' dir='ltr'><strong>feritur,</strong></span> <span class='ocrx_word' id='word_1_211' title='bbox 1095 3087 1237 3154; x_wconf 86' lang='lat' dir='ltr'><strong>videmus</strong></span> 
     </span>
     <span class='ocr_line' id='line_1_28' title="bbox 128 3185 1238 3273; baseline 0.004 -19"><span class='ocrx_word' id='word_1_212' title='bbox 128 3185 210 3270; x_wconf 84' lang='lat' dir='ltr'><strong>apud</strong></span> <span class='ocrx_word' id='word_1_213' title='bbox 231 3187 369 3252; x_wconf 84' lang='lat' dir='ltr'><strong>voterem</strong></span> <span class='ocrx_word' id='word_1_214' title='bbox 392 3186 596 3254; x_wconf 89' lang='lat' dir='ltr'><strong>scholiastam</strong></span> <span class='ocrx_word' id='word_1_215' title='bbox 618 3188 732 3254; x_wconf 87' lang='lat' dir='ltr'><strong>miram</strong></span> <span class='ocrx_word' id='word_1_216' title='bbox 754 3191 847 3273; x_wconf 84' lang='lat' dir='ltr'><strong>atque</strong></span> <span class='ocrx_word' id='word_1_217' title='bbox 872 3209 891 3255; x_wconf 90' lang='lat' dir='ltr'><strong>a</strong></span> <span class='ocrx_word' id='word_1_218' title='bbox 913 3190 1035 3255; x_wconf 88' lang='lat' dir='ltr'><strong>ratione</strong></span> <span class='ocrx_word' id='word_1_219' title='bbox 1062 3192 1238 3258; x_wconf 88' lang='lat' dir='ltr'><strong>ceterorum</strong></span> 
     </span>
     <span class='ocr_line' id='line_1_29' title="bbox 127 3280 1238 3376; baseline 0.005 -20"><span class='ocrx_word' id='word_1_220' title='bbox 127 3289 408 3376; x_wconf 84' lang='lat' dir='ltr'><strong>grammaticorum</strong></span> <span class='ocrx_word' id='word_1_221' title='bbox 422 3290 548 3356; x_wconf 90' lang='lat' dir='ltr'><strong>omuino</strong></span> <span class='ocrx_word' id='word_1_222' title='bbox 561 3290 790 3376; x_wconf 88' lang='lat' dir='ltr'><strong>discrepantem</strong></span> <span class='ocrx_word' id='word_1_223' title='bbox 800 3280 1047 3376; x_wconf 80' lang='lat' dir='ltr'><strong>explicationem.</strong></span> <span class='ocrx_word' id='word_1_224' title='bbox 1071 3296 1238 3362; x_wconf 84' lang='lat' dir='ltr'><strong>cumcuim</strong></span> 
     </span>
     <span class='ocr_line' id='line_1_30' title="bbox 128 3392 1238 3483; baseline 0.004 -22"><span class='ocrx_word' id='word_1_225' title='bbox 128 3414 192 3461; x_wconf 92' lang='lat' dir='ltr'><strong>non</strong></span> <span class='ocrx_word' id='word_1_226' title='bbox 213 3395 330 3478; x_wconf 87' lang='lat' dir='ltr'><strong>pedum</strong></span> <span class='ocrx_word' id='word_1_227' title='bbox 353 3392 408 3459; x_wconf 90' lang='lat' dir='ltr'><strong>sed</strong></span> <span class='ocrx_word' id='word_1_228' title='bbox 430 3414 632 3461; x_wconf 89' lang='lat' dir='ltr'><strong>numerorum</strong></span> <span class='ocrx_word' id='word_1_229' title='bbox 660 3396 741 3461; x_wconf 89' lang='lat' dir='ltr'><strong>ratio</strong></span> <span class='ocrx_word' id='word_1_230' title='bbox 766 3395 935 3476; x_wconf 77' lang='lat' dir='ltr'><strong>subsistat,</strong></span> <span class='ocrx_word' id='word_1_231' title='bbox 959 3415 1016 3462; x_wconf 91' lang='lat' dir='ltr'><strong>nec</strong></span> <span class='ocrx_word' id='word_1_232' title='bbox 1033 3396 1132 3481; x_wconf 87' lang='lat' dir='ltr'><strong>pedes</strong></span> <span class='ocrx_word' id='word_1_233' title='bbox 1151 3397 1238 3483; x_wconf 83' lang='lat' dir='ltr'><strong>pedi·</strong></span> 
     </span>
     <span class='ocr_line' id='line_1_31' title="bbox 128 3497 1239 3587; baseline 0.005 -23"><span class='ocrx_word' id='word_1_234' title='bbox 128 3501 186 3565; x_wconf 91' lang='lat' dir='ltr'><strong>bus</strong></span> <span class='ocrx_word' id='word_1_235' title='bbox 207 3518 299 3583; x_wconf 88' lang='lat' dir='ltr'><strong>pares</strong></span> <span class='ocrx_word' id='word_1_236' title='bbox 320 3497 543 3578; x_wconf 79' lang='lat' dir='ltr'><strong>restituantur,</strong></span> <span class='ocrx_word' id='word_1_237' title='bbox 566 3498 621 3564; x_wconf 85' lang='lat' dir='ltr'><strong>sed</strong></span> <span class='ocrx_word' id='word_1_238' title='bbox 643 3501 786 3582; x_wconf 88' lang='lat' dir='ltr'><strong>tempora</strong></span> <span class='ocrx_word' id='word_1_239' title='bbox 806 3499 1000 3583; x_wconf 84' lang='lat' dir='ltr'><strong>temporibus</strong></span> <span class='ocrx_word' id='word_1_240' title='bbox 1016 3500 1239 3587; x_wconf 77' lang='lat' dir='ltr'><strong>adaequentur,</strong></span> 
     </span>
     <span class='ocr_line' id='line_1_32' title="bbox 128 3602 1238 3692; baseline 0.005 -26"><span class='ocrx_word' id='word_1_241' title='bbox 128 3602 299 3668; x_wconf 87' lang='lat' dir='ltr'><strong>scholiasta</strong></span> <span class='ocrx_word' id='word_1_242' title='bbox 318 3602 379 3667; x_wconf 91' lang='lat' dir='ltr'><strong>hoc</strong></span> <span class='ocrx_word' id='word_1_243' title='bbox 401 3604 538 3668; x_wconf 86' lang='lat' dir='ltr'><strong>metrum</strong></span> <span class='ocrx_word' id='word_1_244' title='bbox 560 3602 743 3687; x_wconf 88' lang='lat' dir='ltr'><strong>rhythmum</strong></span> <span class='ocrx_word' id='word_1_245' title='bbox 761 3602 909 3669; x_wconf 88' lang='lat' dir='ltr'><strong>hahuisse</strong></span> <span class='ocrx_word' id='word_1_246' title='bbox 929 3602 1073 3685; x_wconf 83' lang='lat' dir='ltr'><strong>uidetur,</strong></span> <span class='ocrx_word' id='word_1_247' title='bbox 1097 3606 1238 3692; x_wconf 82' lang='lat' dir='ltr'><strong>singulos</strong></span> 
     </span>
     <span class='ocr_line' id='line_1_33' title="bbox 128 3699 1238 3794; baseline 0 -22"><span class='ocrx_word' id='word_1_248' title='bbox 128 3725 236 3773; x_wconf 83' lang='lat' dir='ltr'><strong>versus</strong></span> <span class='ocrx_word' id='word_1_249' title='bbox 267 3723 330 3770; x_wconf 93' lang='lat' dir='ltr'><strong>non</strong></span> <span class='ocrx_word' id='word_1_250' title='bbox 362 3703 513 3771; x_wconf 77' lang='lat' dir='ltr'><strong>dimetros</strong></span> <span class='ocrx_word' id='word_1_251' title='bbox 542 3707 575 3770; x_wconf 89' lang='lat' dir='ltr'><strong>et</strong></span> <span class='ocrx_word' id='word_1_252' title='bbox 601 3705 762 3771; x_wconf 86' lang='lat' dir='ltr'><strong>trimetros</strong></span> <span class='ocrx_word' id='word_1_253' title='bbox 794 3705 849 3771; x_wconf 89' lang='lat' dir='ltr'><strong>sed</strong></span> <span class='ocrx_word' id='word_1_254' title='bbox 876 3699 1071 3792; x_wconf 74' lang='grc' dir='ltr'><strong><em>διρριίθμους</em></strong></span> <span class='ocrx_word' id='word_1_255' title='bbox 1097 3711 1131 3774; x_wconf 94' lang='lat' dir='ltr'><strong>et</strong></span> <span class='ocrx_word' id='word_1_256' title='bbox 1151 3731 1238 3794; x_wconf 91' lang='grc' dir='ltr'><strong><em>τριρ-</em></strong></span> 
     </span>
     <span class='ocr_line' id='line_1_34' title="bbox 128 3801 1238 3898; baseline 0.003 -26"><span class='ocrx_word' id='word_1_257' title='bbox 128 3801 272 3892; x_wconf 67' lang='grc' dir='ltr'><strong><em>ρύθμονς</em></strong></span> <span class='ocrx_word' id='word_1_258' title='bbox 294 3807 473 3892; x_wconf 84' lang='lat' dir='ltr'><strong>appellans,</strong></span> <span class='ocrx_word' id='word_1_259' title='bbox 501 3808 642 3875; x_wconf 81' lang='lat' dir='ltr'><strong>velutin</strong></span> <span class='ocrx_word' id='word_1_260' title='bbox 664 3809 761 3876; x_wconf 88' lang='lat' dir='ltr'><strong>schol.</strong></span> <span class='ocrx_word' id='word_1_261' title='bbox 784 3828 851 3892; x_wconf 87' lang='lat' dir='ltr'><strong>pao.</strong></span> <span class='ocrx_word' id='word_1_262' title='bbox 869 3817 954 3875; x_wconf 81' lang='lat'>1127</span> <span class='ocrx_word' id='word_1_263' title='bbox 979 3808 1146 3874; x_wconf 79' lang='grc' dir='ltr'><strong><em>παιιιινικοί</em></strong></span> <span class='ocrx_word' id='word_1_264' title='bbox 1171 3805 1238 3898; x_wconf 80' lang='grc' dir='ltr'><strong><em>δίρ-</em></strong></span> 
     </span>
     <span class='ocr_line' id='line_1_35' title="bbox 129 3904 1239 3997; baseline 0.005 -24"><span class='ocrx_word' id='word_1_265' title='bbox 129 3915 259 3994; x_wconf 69' lang='grc' dir='ltr'><strong><em>ριιθμα,</em></strong></span> <span class='ocrx_word' id='word_1_266' title='bbox 280 3905 477 3996; x_wconf 77' lang='grc' dir='ltr'><strong><em>τρίρρνθμα,</em></strong></span> <span class='ocrx_word' id='word_1_267' title='bbox 500 3904 725 3997; x_wconf 73' lang='grc' dir='ltr'><strong><em>τετράρρνθμα</em></strong></span> <span class='ocrx_word' id='word_1_268' title='bbox 748 3932 795 3997; x_wconf 88' lang='lat' dir='ltr'><strong>eq.</strong></span> <span class='ocrx_word' id='word_1_269' title='bbox 813 3920 894 3992; x_wconf 82' lang='lat'><strong>382,</strong></span> <span class='ocrx_word' id='word_1_270' title='bbox 916 3920 988 3978; x_wconf 82' lang='grc'><strong>616.</strong></span> <span class='ocrx_word' id='word_1_271' title='bbox 1010 3913 1150 3979; x_wconf 81' lang='lat' dir='ltr'><strong>Acharn.</strong></span> <span class='ocrx_word' id='word_1_272' title='bbox 1168 3918 1239 3992; x_wconf 83' lang='grc'>665,</span> 
     </span>
     <span class='ocr_line' id='line_1_36' title="bbox 131 4015 1238 4099; baseline 0.007 -24"><span class='ocrx_word' id='word_1_273' title='bbox 131 4019 231 4091; x_wconf 77' lang='lat'><strong>1214,</strong></span> <span class='ocrx_word' id='word_1_274' title='bbox 267 4015 320 4098; x_wconf 90' lang='lat' dir='ltr'><strong>qui</strong></span> <span class='ocrx_word' id='word_1_275' title='bbox 342 4015 582 4099; x_wconf 83' lang='lat' dir='ltr'><strong>tetramhythmi</strong></span> <span class='ocrx_word' id='word_1_276' title='bbox 603 4015 717 4081; x_wconf 88' lang='lat' dir='ltr'><strong>modus</strong></span> <span class='ocrx_word' id='word_1_277' title='bbox 743 4035 897 4098; x_wconf 89' lang='lat' dir='ltr'><strong>nusquam</strong></span> <span class='ocrx_word' id='word_1_278' title='bbox 921 4016 1097 4098; x_wconf 84' lang='lat' dir='ltr'><strong>exceditur,</strong></span> <span class='ocrx_word' id='word_1_279' title='bbox 1135 4016 1238 4099; x_wconf 88' lang='lat' dir='ltr'><strong>confer</strong></span> 
     </span>
     <span class='ocr_line' id='line_1_37' title="bbox 127 4115 1239 4210; baseline 0.007 -32"><span class='ocrx_word' id='word_1_280' title='bbox 127 4115 224 4183; x_wconf 92' lang='lat' dir='ltr'><strong>schol.</strong></span> <span class='ocrx_word' id='word_1_281' title='bbox 252 4115 391 4182; x_wconf 87' lang='lat' dir='ltr'><strong>Acharn.</strong></span> <span class='ocrx_word' id='word_1_282' title='bbox 418 4124 509 4199; x_wconf 78' lang='lat'><strong>284,</strong></span> <span class='ocrx_word' id='word_1_283' title='bbox 536 4118 591 4184; x_wconf 90' lang='lat' dir='ltr'><strong>ubi</strong></span> <span class='ocrx_word' id='word_1_284' title='bbox 621 4119 799 4186; x_wconf 89' lang='lat' dir='ltr'><strong>coniectura</strong></span> <span class='ocrx_word' id='word_1_285' title='bbox 826 4119 951 4187; x_wconf 88' lang='lat' dir='ltr'><strong>restitui</strong></span> <span class='ocrx_word' id='word_1_286' title='bbox 978 4115 1124 4210; x_wconf 62' lang='lat' dir='ltr'><strong>ariense</strong></span> <span class='ocrx_word' id='word_1_287' title='bbox 1153 4123 1239 4207; x_wconf 81' lang='grc' dir='ltr'><strong><em>τρεῖς</em></strong></span> 
     </span>
     <span class='ocr_line' id='line_1_38' title="bbox 128 4211 1238 4312; baseline 0.011 -31"><span class='ocrx_word' id='word_1_288' title='bbox 128 4213 198 4309; x_wconf 82' lang='grc' dir='ltr'><strong>(καί</strong></span> <span class='ocrx_word' id='word_1_289' title='bbox 221 4211 295 4309; x_wconf 75' lang='grc' dir='ltr'><strong>δύο)</strong></span> <span class='ocrx_word' id='word_1_290' title='bbox 316 4217 401 4285; x_wconf 85' lang='grc' dir='ltr'><strong><em>κατὰ</em></strong></span> <span class='ocrx_word' id='word_1_291' title='bbox 421 4217 590 4308; x_wconf 81' lang='grc' dir='ltr'><strong><em>διαίρεσιν.</em></strong></span> <span class='ocrx_word' id='word_1_292' title='bbox 635 4223 773 4310; x_wconf 86' lang='lat' dir='ltr'><strong>genuina</strong></span> <span class='ocrx_word' id='word_1_293' title='bbox 794 4225 901 4290; x_wconf 88' lang='lat' dir='ltr'><strong>autem</strong></span> <span class='ocrx_word' id='word_1_294' title='bbox 929 4223 1023 4290; x_wconf 85' lang='lat' dir='ltr'><strong>lectio</strong></span> <span class='ocrx_word' id='word_1_295' title='bbox 1045 4224 1130 4312; x_wconf 82' lang='lat' dir='ltr'><strong>apud</strong></span> <span class='ocrx_word' id='word_1_296' title='bbox 1151 4227 1238 4292; x_wconf 86' lang='lat' dir='ltr'><strong>vete·</strong></span> 
     </span>
    </p>
   </div>
   <div class='ocr_carea' id='block_1_6' title="bbox 0 0 1382 4710">
    <p class='ocr_par' dir='ltr' id='par_1_10' title="bbox 0 0 1382 4710">
     <span class='ocr_line' id='line_1_39' title="bbox 0 0 1382 4710; baseline 0 0"><span class='ocrx_word' id='word_1_297' title='bbox 0 0 1382 4710; x_wconf 95' lang='lat' dir='ltr'><strong> </strong></span> 
     </span>
    </p>
   </div>
  </div>
 </body>
</html>
