2746 4710
544 250 651 307 Scholia
668 252 698 307 in
713 263 821 323 vespas.
1203 253 1237 310 51

127 433 189 479 σιν.
227 403 301 495 όβ’
325 407 361 477 δέ
382 406 437 476 τὸν
458 402 494 494 β’
518 405 584 491 ἔχει
612 403 703 475 πόδα
731 403 1003 494 πεντασόλλαβον.
1040 407 1073 478 σί
1101 407 1173 503 ἐξης
1201 410 1239 480 δέ

128 515 251 594 πάντες
267 511 433 603 τροχαϊκολ
456 507 663 600 τετράμετροι
686 510 932 603 καταληκτικοί,
961 506 1004 581 ὧν
1021 517 1214 596 τελευταῖος·

303 639 381 708 εἴπερ
398 635 496 704 ἔτυχον
512 637 570 687 τῶν
586 635 691 703 μελέων
711 634 882 695 Φιλοκλέους
900 634 1074 707 βεβρωκότες.

125 738 188 806 ἐπὶ
217 741 290 817 ταῖς
317 729 508 804 άποδέσεσι
538 729 764 825 παράγραφος.
802 732 861 803 ἐπὶ
883 735 920 804 δέ
946 738 1002 826 τῷ
1024 738 1110 805 τέλει
1140 739 1241 830 διπλῆ

125 841 190 925 ἐξω
213 843 400 928 νενευκυῖαλ]

217 953 404 1015 463-862
407 994 602 1011 .....
648 965 655 1010 ’.
701 995 1238 1016 ...........

217 1059 332 1119 863-
344 1058 417 1117 884.
464 1047 545 1135 [[καί
574 1048 636 1172 μην
665 1044 757 1136 ἡμεῖς
785 1046 842 1114 ἐπὶ
872 1053 946 1128 ταῖς
972 1053 1161 1131 σπονδαῖς;
1191 1049 1244 1116 ‘H

126 1147 290 1241 αμσιβαία
311 1151 391 1243 αὕτη
416 1148 612 1241 περίοδος”
590 1175 694 1218 εοικεν
724 1149 856 1218 ἐκθέσει
881 1153 1015 1244 διπλῆς
1047 1154 1098 1222 διδ
1123 1154 1179 1222 καί
1200 1155 1238 1226 τὸ

126 1245 409 1348 παρατέλειπον”
387 1283 451 1340 εχει
474 1252 625 1323 κῶλονῧ
610 1254 681 1322 έσιι
704 1260 777 1342 γοῦν
792 1253 954 1386 περιόδων
969 1263 1081 1347 τριῶν,
1104 1260 1160 1327 καί
1174 1259 1240 1328 εἶσὶ

124 1370 186 1455 τῆς
209 1358 371 1452 πριότης
361 1354 516 1450 περιόδου
536 1361 623 1426 κῶλα
645 1356 805 1447 τέσσαρα,
829 1352 872 1426 ὧν
885 1361 923 1428 τὸ
945 1368 1077 1449 πρῶτον
1099 1355 1240 1434 άναπαι-

126 1467 241 1536 στικὸν
265 1464 435 1554 τρίμετρον
457 1456 688 1552 άκατάληκτον.
716 1460 757 1531 τοί
782 1460 855 1554 ἐξῆς
876 1464 933 1532 δόσ
954 1464 1090 1557 δίμετρα
1112 1461 1240 1536 οίκατά-

125 1575 236 1663 ληκτα.
277 1571 316 1637 τὸ
338 1569 492 1657 τέταρτον
518 1565 671 1656 δίμετρον
693 1565 937 1658 καταληκτικόν,
961 1566 1033 1662 ἤτοι
1055 1569 1240 1664 ἐφδημιμε-

126 1675 198 1766 ρές,
238 1668 426 1744 διολεῖται
446 1667 675 1759 παρσιμιακόν.
711 1665 787 1758 μεθ’
810 1664 886 1741 δέν
916 1671 1062 1744 είσθέσει
1088 1674 1241 1765 ἰαμβικὸς

126 1777 297 1869 τρίμετρος
315 1771 546 1867 άκατάληκτος.
571 1781 628 1866 τῆς
650 1777 800 1865 δευτέρας
821 1778 975 1868 περιόδου
998 1782 1086 1847 κῶλα
1107 1781 1157 1866 ἐξ,
1195 1776 1239 1850 ὧν

128 1883 170 1951 τὸ
193 1887 323 1970 πρῶτον
344 1880 471 1966 ὅμοιον,
498 1879 537 1948 τὸ
560 1875 706 1967 δεύτερον
738 1875 977 1971 ἐφδημιμερές,
1006 1885 1048 1951 τά
1071 1880 1144 1974 ἑξῆς
1164 1883 1241 1975 τρία

129 1983 269 2075 δίμετρα
286 1977 507 2074 άκατάληκτα,
537 1982 575 2052 τδ
597 1983 690 2050 ἕκτον
710 1984 952 2074 πενθημιμερές
971 1993 1029 2076 τῆς
1050 1985 1161 2078 τρίτης
1183 2015 1239 2056 πε-

128 2085 241 2178 ριόδου
272 2081 498 2156 οἷναπαιστικδ
539 2089 628 2154 κῶλα
662 2085 756 2167 δέκα,
801 2080 844 2154 ὧν
877 2087 918 2155 τὰ
949 2094 1066 2179 πρῶτα
1097 2091 1240 2181 τέσσαρα

126 2192 325 2284 τετράμετρα
347 2187 582 2282 καταληκτικά,
605 2191 644 2258 τὸ
665 2191 695 2258 ε’
716 2192 773 2258 καὶ
794 2187 829 2273 ς’
849 2189 1004 2280 τρίμετρα
1022 2188 1238 2286 άκατάληκτα,

126 2297 220 2380 τόξ’
249 2296 306 2364 καί
334 2296 373 2365 τὸ
396 2294 431 2385 η’
459 2293 595 2384 δίμοιρα
622 2287 844 2385 άκατάληκτα,
880 2297 919 2364 τὸ
947 2292 992 2364 θ’
1021 2291 1240 2392 άναπαιστικη

125 2397 251 2490 βάσις,’
280 2396 375 2468 δκαί
406 2398 644 2488 παρατέλευτον
671 2393 876 2486 ὀνομάζεται,
914 2401 952 2469 τὸ
983 2401 1020 2469 δέ
1043 2403 1069 2470 ι’
1098 2403 1136 2472 τὸ
1159 2407 1241 2493 ,μὴν

125 2499 294 2595 ἀκαλήφην
319 2497 542 2593 δηελέσδαι,“
577 2501 729 2592 δίμετρον
755 2501 996 2595 καταληκτικόν.
1038 2505 1134 2599 ἐφ’ε
1119 2511 1240 2602 εκάστη

125 2609 273 2698 περιόδῳ
297 2603 522 2699 παράγραφος.
551 2607 610 2675 ἐπὶ
631 2634 678 2698 τιμ
703 2607 843 2677 τέλει“
811 2637 846 2677 αι
870 2607 1022 2702 συνήθεις
1042 2609 1100 2681 δόσ
1123 2616 1242 2744 διπλαῖ

130 2712 214 2796 Ῑέξω
233 2715 434 2801 νενευκνῖαι.]]
1253 2721 1255 2725 ’

217 2825 333 2885 885-
346 2825 430 2884 1008
433 2868 1238 2890 ................

219 2930 459 2989 1009-1013.
505 2912 601 3006 βάλλ’
629 2915 678 2986 ἴτε
703 2894 895 3008 χαίροντεςε
928 2927 1033 2989 Τοῦτο
1062 2924 1240 3050 κομμάτιον

126 3023 343 3110 καλεῖται,(
330 3023 412 3110 όπερ
435 3023 505 3090 ἐστὶ
528 3022 738 3112 προκήρνγμα
767 3030 825 3113 τῆς
847 3021 1073 3114 παραβάσεως.
1110 3025 1181 3096 ἐστι
1203 3031 1240 3098 δέ

126 3126 241 3223 κώλων
267 3133 487 3217 χοριαμβικῶν
509 3125 769 3214 ἐπιμεμιγμένων
798 3127 978 3216 ἐπιτρίτοις
999 3131 1055 3198 καί
1075 3132 1240 3222 βακχείοις

125 3234 187 3303 καί
207 3233 449 3319 παλιμβάκχοις
471 3228 511 3316 ζ’,
535 3224 578 3298 ὧν
602 3231 640 3299 τδ
665 3235 793 3319 πρῶτον
813 3231 982 3324 τρίμετρον
1000 3236 1240 3329 καιαληκτικόν,

125 3340 168 3408 τδ
192 3332 337 3424 δεύτερον
366 3334 516 3462 δίμετρον
539 3332 775 3425 δκατάληκτον,
814 3337 872 3405 τὸν
893 3345 1024 3427 πρῶτον
1053 3339 1125 3424 ἐραν
1151 3343 1240 3410 πόδα

126 3437 410 3527 πεντασόλλαβον
445 3441 484 3508 τὸ
505 3438 659 3529 τέταρτον
681 3437 829 3567 δίμετρρν
857 3433 1092 3570 ακατάληκτρν,
1130 3442 1252 3530 ὅμοιον,

125 3551 176 3635 τῷ
198 3540 245 3631 β’,
268 3541 358 3614 τδε’
381 3543 497 3631 ὅμοιον,
517 3549 565 3632 τοῦ
598 3539 807 3634 πρότεραί
836 3546 873 3614 δέ
902 3545 1058 3613 λοιπὰ(
1034 3573 1079 3626 ως
1106 3548 1145 3615 τὸ
1167 3545 1240 3615 δεό-

126 3673 229 3738 τερον.
272 3646 333 3717 ἐπὶ
353 3654 402 3738 τῷ
422 3647 508 3716 τέλει
531 3648 774 3737 παράγραφοςλ]

218 3761 355 3821 1014-
364 3763 448 3822 1070
450 3803 1239 3827 ................

220 3866 459 3926 1071-1090.
505 3853 559 3944 (εἴ
584 3882 636 3936 τις
662 3854 753 3941 ὑμῶν
783 3851 809 3922 ολ
834 3854 986 3924 δεαταίι
1019 3857 1121 3926 Τοῦτό
1150 3857 1239 3928 ἐστιν

127 3957 303 4051 ἐπίρρημα.
332 3961 372 4029 τδ
393 3960 430 4029 δέ
452 3958 616 4050 ἐπίρρημα
643 3957 688 4039 ὡς
710 3957 837 4026 ἐπίπαν
863 3956 1102 4029 2ὀκτωκαίδεκα
1123 3963 1240 4050 στίχοιν

127 4061 152 4155 ἢ
172 4060 222 4151 ιβ’
244 4061 266 4154 ἢ
286 4059 345 4146 ις’.
375 4063 495 4132 ἐνθάδε
519 4063 574 4132 3δέ
596 4059 725 4150 εἴκοσι.)

202 4280 217 4334 1
236 4278 290 4333 ἔσω
353 4280 371 4336 2
390 4277 413 4332 ι’
434 4276 495 4334 Ald.
513 4294 562 4348 pro
575 4281 632 4333 ὀκτ.
691 4280 708 4335 3
724 4279 756 4332 δὲ
776 4293 827 4332 om.
840 4277 873 4341 V,
893 4278 939 4348 qui
950 4295 999 4349 pro
1012 4283 1099 4335 εἴκοσι
1113 4279 1196 4336 habet
1207 4281 1240 4338 ι’.

987 4370 1032 4432 4*
