2746 4710
554 204 660 260 Scholia
678 206 708 260 in
726 221 798 260 aves.
904 242 907 248 -
990 230 993 237 ·
1171 256 1175 263 .
1202 209 1236 261 81

125 386 250 450 μετροι.
266 359 284 430 δ
301 361 337 429 δὲ
352 364 373 429 δ
378 355 386 380 ‘
402 355 636 451 έφδημιμερης.
655 358 673 428 δ
690 356 835 448 δείτερος
848 361 1059 451 χοριαμβικδς
1073 361 1241 452 τρίμετρος

127 463 376 556 καταληκτικός,
399 464 455 533 τὸν
478 469 608 551 πρῶτον
629 461 708 546 ἔχων
733 464 823 531 πόδα
846 460 1115 551 πεντασύλλαβον.
1147 467 1189 532 τδ
1207 479 1241 553 χ’

74 572 77 577 ’
127 571 300 661 τροχαίκδν
328 569 577 661 πενθημιμερές.
621 567 697 650 ὅς’
717 562 855 649 Ἰωνικὸς
882 569 1096 658 τετράμετρος
1125 577 1243 658 βραχι-

129 674 337 764 κατοίληκτος.
371 675 412 741 τδι
434 673 473 756 ζ’,
498 673 548 739 ια’
570 672 756 756 δακτυλικιί)
785 675 823 740 τδ
845 674 905 759 μέν
929 674 1183 764 πενδημιμερές,
1204 675 1243 742 τδ

128 780 167 848 δέ
188 776 360 868 τρίμετρον
382 777 614 868 καταληκτικδν
637 776 685 857 εἰς
705 775 924 862 δισσλλαβίαν.
961 779 1002 844 τὰ
1024 778 1067 866 η’,
1092 776 1139 863 ιβ’
1163 771 1242 845 οἰνα-

129 883 292 951 παιστικδι
315 879 530 974 ἑφθημιμερῆ.
561 880 621 948 ἰπὶ
643 888 689 970 τῷ
710 882 797 950 τέλει
826 873 1068 973 παροίχραφος.]1

221 996 418 1076 920—930.
464 973 583 1074 [[ταοτί
605 986 666 1053 σι”ε
690 978 859 1054 Ἐντεῦθεν
879 988 1054 1074 διαιρεῖται
1076 987 1116 1054 τὰ
1138 987 1244 1073 πρόσ-

109 1081 211 1159 “ωπα
242 1090 290 1173 εἰς
319 1092 558 1182 σοστηματικδις
593 1091 766 1180 περιόδους
795 1084 973 1177 οἰμοιβαίας
994 1087 1037 1180 η’.
1080 1093 1135 1159 καί
1158 1090 1246 1159 ἔστιν

131 1193 287 1287 ἡπρώτη
307 1193 463 1284 περίοδος
489 1193 606 1289 στίχων
628 1193 789 1281 ἰαμβικῶν
810 1195 988 1284 τριμέτρων
1010 1190 1053 1263 δ’.
1077 1195 1096 1284 ἡ
1115 1192 1150 1282 β’
1173 1194 1245 1263 στ’ί-

128 1327 197 1385 χων
218 1301 275 1368 καί
295 1301 406 1367 κοίλων
427 1297 467 1382 ζ’.
492 1291 536 1366 ὧν
552 1297 571 1366 δ
587 1305 720 1390 πρῶτος
734 1299 946 1386 χοριαμβικδς
967 1298 1137 1387 τρίμετρος
1151 1327 1245 1367 κατα-

132 1400 292 1494 ληκτικός.
335 1404 374 1472 τδ
395 1400 430 1490 β’
452 1400 565 1488 ὅμοιον
584 1400 733 1491 δίμετρον
757 1397 990 1492 ἀκατάληκτον,
1019 1404 1076 1471 τὸν
1099 1400 1245 1493 δεύτερον

133 1504 214 1593 ἔχων
238 1504 328 1576 πόδα
350 1507 619 1592 πεντασύλλαβον.
644 1496 701 1574 ’τδ
731 1505 841 1595 τρίτον
862 1505 1018 1595 περίοδος
1038 1506 1075 1589 ἐξ
1094 1506 1247 1598 ἰαμβικῆς
1320 1534 1324 1541 ·

133 1612 189 1680 καὶ
210 1617 381 1702 τροχαῖκῆς
406 1607 540 1698 βάσεως.
583 1611 620 1677 τδ
645 1607 677 1677 δ’
699 1603 913 1700 οἰσννοίρτητον
940 1610 978 1693 ἐξ
1006 1603 1247 1702 οἰναπαιστικῆς

134 1715 190 1783 καί
213 1713 366 1805 ἰαμβικῆς
391 1715 526 1803 βάσεως.
562 1715 601 1782 τὸ
621 1714 652 1782 ε’
673 1716 824 1806 τροχαϊκι)
854 1711 953 1800 βάσις
975 1712 1012 1783 ἐκ
1031 1715 1172 1805 χορείων.
1208 1715 1247 1782 τὸ

134 1820 171 1902 ς’
196 1818 351 1906 ἰαμβικὸν
373 1818 524 1907 δίμετρον
545 1820 861 1909 βραχνκατιίλιμτον,
890 1817 918 1886 εἰ
940 1819 976 1886 δὲ
998 1817 1123 1906 βούλει,
1150 1812 1245 1886 Ἰωνι-

133 1925 193 1994 κδν
213 1921 444 2015 έφδημιμερές.
472 1923 510 1990 τὸ
531 1923 562 2004 ζ’
582 1921 720 1991 Ἰωνικὸν
747 1922 896 2011 δι’μετρον
919 1918 1149 2012 οἰκατοίληκτον.
1192 1916 1247 2010 ὑφ’
1325 1988 1329 1996 ,

134 2020 154 2098 δ
178 2027 425 2119 παραχραφος.]]
641 2042 647 2047 ’

184 2143 188 2152 “
226 2139 338 2202 9'3'1--
350 2140 422 2201 935.
470 2132 586 2236 ητοττί
607 2131 742 2219 παρέξει
760 2156 768 2199 z
787 2129 834 2195 ‘H
844 2128 936 2220 τρίτη
958 2128 1112 2219 περίοδος
1130 2128 1249 2214 στίχων

135 2237 227 2307 ἐστίν
250 2236 410 2325 ἰαμβικιῦν
439 2234 615 2324 τριμέτρων
637 2228 865 2325 ἅκαταλήκτων
886 2234 990 2302 πέντε.
1015 2234 1075 2301 έπί
1097 2240 1144 2323 τῷ
1164 2236 1249 2302 τέλει
1315 2276 1318 2281 -

135 2339 385 2433 παροίχραηνος.]1

170 2464 179 2477 ”
227 2453 425 2520 936-945.
480 2440 581 2536 [[τόδε
610 2444 668 2529 μέν
697 2438 756 2512 οἰκ
784 2442 947 2512 δίκασσαι
974 2442 1021 2509 Ἡ
1039 2444 1074 2512 δ’
1096 2445 1251 2533 περίοδος

135 2552 249 2624 κώλων
271 2551 342 2618 ἐστὶ
364 2555 552 2630 παιωνικῶν
572 2550 775 2635 μεμιγμένων
797 2555 961 2639 κρητικοῖς
984 2550 1041 2615 καί
1061 2553 1250 2635 παλιμβακτ

79 2670 83 2675 ’
134 2655 240 2742 χείοις
264 2651 437 2743 τεσσάρων.
480 2647 522 2721 ὧν
547 2655 586 2720 τὸ
616 2650 650 2720 α’
673 2651 844 2742 τρίμετρον
873 2651 1113 2742 καταληκτικδν.
1155 2655 1192 2721 τδ
1216 2655 1252 2740 β’

135 2758 307 2851 τρίμετρον
328 2753 640 2848 βραχακατοίληκτον,
662 2765 718 2826 τοῦ
740 2758 775 2844 β’
799 2757 904 2836 ποδὸς
919 2756 1186 2842 παλιμβακχείοα.
1211 2759 1249 2824 τδ

136 2863 249 2951 τρίτον
271 2861 422 2954 δίμετρον
438 2861 657 2952 δκατάληκτον
680 2862 735 2929 διὰ
758 2861 814 2950 τὴν
834 2858 1022 2951 ἀδιάφορον.
1063 2858 1097 2925 έν
1118 2859 1252 2927 ἐκθέσει

138 2969 177 3038 δὲ
211 2966 322 3050 στίχος
353 2965 504 3053 ἰαμβικὸς
534 2965 702 3055 τρίμετρος
730 2963 957 3055 ἀκατάληκτος.
1001 2964 1060 3032 έπί
1094 2971 1142 3054 τῷ
1166 2965 1252 3033 τέλει

140 3073 364 3162 παράγραφος.
411 3069 482 3161 ἑξῆς
508 3074 528 3139 δ
534 3073 541 3095 '
564 3070 583 3160 ἡ
606 3072 635 3138 ε’
657 3068 814 3157 περίοδος
839 3069 948 3137 κώλων
987 3069 1253 3147 Ῑοίναπαιστικῶν

67 3240 68 3245 ,
140 3178 248 3246 πέντε.
297 3170 340 3244 ὧν
362 3176 554 3263 τὸπρῶτον
584 3173 734 3263 δίμετρον
765 3175 1019 3263 καταληκτικόν,’
1041 3181 1096 3243 τοῦ
1123 3175 1256 3264 πρώτον·

140 3282 247 3361 ποδὸς
262 3277 534 3366 πεντασολλοίβοα.
559 3280 596 3347 τδ
613 3275 649 3365 β’
666 3279 915 3370 πενθημιμερές,
932 3273 951 3347 δ
966 3276 1110 3347 καλεῖται
1123 3283 1254 3365 δοχμαϊ·

141 3382 207 3456 κόν.
240 3386 278 3452 τδ
296 3383 405 3472 τρίτον
423 3384 566 3451 Ἰωνικὸν
586 3381 755 3472 τρίμετρον
777 3384 1015 3473 διατάληκτον,
1045 3387 1102 3450 τοῦ
1124 3379 1254 3470 πρώτου

142 3490 249 3569 ποδὸς
270 3488 539 3574 πεντασνλλιίβοο.
575 3487 613 3555 τὸ
637 3482 669 3555 δ’
693 3485 812 3572 ὅμοιον.
850 3488 888 3554 τδ
911 3488 941 3551 ε’
965 3485 1115 3574 δίμετρον
1135 3492 1253 3573 βραχι-

142 3594 343 3684 κατάληκτον
363 3592 552 3661 παιωνικόν.
581 3591 640 3658 ἐπὶ
661 3598 710 3679 τῷ
732 3590 818 3658 τέλει
839 3588 1084 3681 παράγραφος.]]

232 3707 430 3767 946-953.
478 3690 623 3786 [[ξονίηιί
654 3694 706 3764 δτι
734 3697 845 3782 βούλει
874 3721 882 3763 z
915 3694 968 3761 ‘H
996 3693 1072 3784 ἕκτη
1101 3691 1255 3789 περίοδος

142 3802 287 3896 ἡνωμένη
316 3797 397 3870 οὖσα
426 3799 537 3869 κώλων
568 3801 624 3868 καί
655 3798 772 3883 στίχων
804 3799 892 3866 ἐστίν
913 3797 957 3886 η’.
1001 3790 1044 3864 ὧν
1072 3790 1103 3864 οἰ
1128 3803 1259 3886 πρῶτοι

143 3908 301 3995 τέσσαρες
322 3905 471 3991 ἰαμβικοί
495 3903 659 3994 τρίμετροι
682 3897 906 3991 οἰκατοίληκιοι.
951 3899 1030 3986 μιάν
1056 3900 1115 3992 γὰρ
1137 3902 1178 3968 τδι
1199 3901 1257 3974 δύο

89 3998 95 4007 “
143 4007 313 4101 πρόσωπα
334 4011 394 4101 τὴνΙ
410 4010 559 4101 τοιαύτην
581 4016 673 4078 ποιεῖ
695 4007 856 4097 περίοδον.
890 4006 932 4072 τὰ
953 4006 990 4073 δέ
1020 4004 1092 4096 ἑξῆς
1114 4007 1256 4095 τέσσαρα

231 4243 250 4296 ,1
269 4242 343 4298 Fort.
363 4243 592 4298 ἀντισπαστικιῦν
662 4234 665 4240 ’

189 4350 360 4403 Thlemann,
374 4342 462 4390 scholii*
476 4350 501 4390 in
515 4348 691 4399 Aristophanem
705 4346 821 4389 metrica.-
