2746 4710
1189 231 1238 289 101

125 382 238 472 παρὰ
273 389 364 461 τοῖς
404 383 705 471 τετραμέτροις
743 387 847 464 (scrib.
885 386 961 464 τοὺς
998 386 1241 476 τετραμέτρους)

125 485 251 571 στίχοις
290 489 393 573 (scrib.
430 485 548 573 στίχοι)
586 485 742 572 ιάμβικοί.
802 493 1026 575 gravissimum
1063 493 1156 559 huius
1194 496 1241 561 rei

126 593 305 680 exemplum
337 594 440 659 exstat
469 594 502 657 in
531 594 627 659 schol.
648 593 721 658 nub.
744 602 841 672 1131,
875 593 928 658 καί
963 589 1095 672 ἔκθεσις
1134 598 1240 681 (scrib.

125 693 290 782 εἶ’σθεσις)
312 695 403 782 παρὰ
426 695 503 773 τοὺς
524 695 771 782 τετραμέτρους,
794 698 900 764 addita
923 701 1031 778 carisa,
1053 695 1151 778 ,,έστί
1179 699 1240 786 γὰρ

124 799 172 866 τὰ
198 795 271 887 ἑξῆς
299 796 433 883 ίαμβικὰ
461 796 648 886 τρίμετρα.“
700 822 735 866 cx
763 802 812 867 his
840 804 937 887 igitur
967 822 1076 869 vocem
1105 798 1241 881 ἔκθεσις

127 908 161 972 et
183 900 332 981 είσθεσις
352 904 392 970 ad
414 905 511 970 situm
540 906 632 983 paulo
656 906 852 989 superiorum
875 928 1022 973 versuum
1044 909 1240 974 referendam

128 1029 214 1087 esse,
245 1011 381 1092 apparet.
428 1007 483 1074 sed
506 1011 609 1091 potest
630 1009 740 1074 eadem
770 1013 803 1074 et
830 1012 985 1095 respicere
1015 1013 1111 1079 situm
1134 1033 1240 1080 eorum

128 1131 293 1189 versuum,
333 1113 386 1195 qui
414 1131 476 1178 non
509 1115 590 1178 sunt·
610 1114 798 1179 novissimae
830 1134 908 1196 quae
938 1116 1242 1201 antecedit-periodi

126 1215 277 1282 metricae
297 1214 384 1281 velut
405 1218 438 1280 in
462 1217 559 1281 schol.
581 1237 627 1299 eq.
646 1224 726 1296 836,
751 1217 852 1303 διπλῆ
875 1215 931 1281 καί
953 1213 1086 1297 ἔκθεσις
1115 1216 1151 1285 σύ
1173 1215 1241 1285 κατ’

127 1317 201 1388 ἴσον
220 1323 290 1398 τοῖς
313 1311 532 1396 ἀναπαίστοις
554 1320 621 1385 scil.
649 1319 876 1406 τετραμέτροις
900 1317 948 1398 εἷς
970 1316 1107 1406 ἰάμβους
1128 1347 1241 1411 τετρα-

128 1423 264 1512 μέτρους
287 1418 551 1510 καταίρκτικσίς,
573 1425 655 1506 quod
679 1425 809 1490 exhibet
827 1427 894 1491 cod.
916 1427 1155 1506 Laurentianus,
1178 1429 1198 1494 i.
1214 1449 1241 1494 e.

127 1531 336 1598 iambicorum
357 1529 615 1593 tetrametrorum
636 1528 727 1593 initia
747 1531 794 1594 ita
810 1514 972 1596 scribenda
987 1532 1108 1596 suntin
1124 1533 1241 1611 codice,

128 1638 166 1702 ut
196 1655 233 1700 cx
259 1633 336 1699 colis
365 1626 575 1715 superioribus
600 1634 808 1715 anapaesticis
838 1634 1012 1712 emineant,
1049 1637 1242 1701 tamennon

128 1741 269 1817 anum,
292 1739 444 1821 quantum
467 1735 516 1799 illi
536 1737 714 1801 tetrametri
737 1737 928 1820 anapaestici
955 1739 1049 1821 paulo
1072 1735 1240 1824 longiores.

129 1843 214 1910 idem
236 1843 372 1908 testatur
394 1838 482 1904 locus
504 1839 537 1903 in
560 1839 658 1904 schol.
681 1839 818 1904 Acheru.
842 1847 922 1919 2843
946 1842 1015 1907 cola
1038 1844 1138 1920 enirn,
1162 1863 1241 1925 quae

130 1944 322 2014 antecedunt
345 1943 428 2026 (inde
453 1962 471 2008 a
491 1963 571 2008 vers.
589 1944 665 2026 280)
695 1944 856 2009 trochaica
886 1946 1072 2028 excipientia
1094 1947 1242 2012 iambicos

129 2050 291 2116 trimetros
314 2049 391 2130 ipsis
422 2048 580 2132 longiores
600 2046 685 2112 haud
712 2048 803 2113 dubie
826 2049 944 2131 scripta
973 2052 1047 2113 sunt
1075 2045 1108 2112 ἕν
1129 2044 1241 2114 εἰσθέ-

130 2173 190 2219 σει.
243 2172 352 2218 versus
387 2155 509 2230 autern,
545 2144 597 2234 qui
632 2152 846 2237 subsequitur,
886 2148 1056 2234 Ἡράκλεις
1085 2153 1174 2218 τουτί
1209 2151 1243 2217 τί

130 2257 202 2325 ἐστι
224 2296 266 2304 -
286 2255 482 2341 longitndine
505 2257 643 2322 eminens
675 2254 708 2319 ἐν
730 2252 862 2320 ἐκθέσει
887 2258 1008 2340 positus
1030 2260 1086 2326 est.
1132 2256 1242 2324 deindo

131 2384 151 2429 a
172 2363 339 2428 scholiasta
361 2360 421 2426 duo
441 2362 726 2426 commemorantur
749 2361 832 2438 cola,
857 2357 986 2444 (ἕπεται
1005 2364 1076 2438 τοῖς
1091 2360 1163 2426 δυσί
1180 2357 1243 2426 κιί-
1303 2419 1307 2427 .

128 2467 226 2550 λοις)·
258 2463 299 2529 τὰ
321 2463 357 2529 δέ
379 2465 466 2529 κῶλα
489 2460 507 2529 ὁ
528 2459 639 2548 χορός,
668 2459 800 2551 ,τριέτης
818 2461 926 2528 τοίνυν
948 2461 1036 2530 ἐστίν
1058 2462 1091 2531 έν
1110 2465 1242 2533 ἐκθέσει

129 2571 235 2656 (scrib.
259 2566 292 2633 ἒν
315 2566 476 2652 niedseor)
499 2567 581 2632 κατὰ
603 2566 641 2633 τὸ
664 2563 737 2632 ἴσον
758 2572 826 2645 τοῖς
849 2573 995 2654 χορικοῖς
1022 2572 1103 2655 (scil.
1127 2565 1243 2651 κοίλοις

127 2677 200 2743 inde
219 2694 332 2740 avers.
351 2675 442 2757 280),
465 2673 577 2750 idest,
601 2675 678 2738 haec
702 2672 762 2737 duo
785 2673 856 2739 cola
880 2674 1059 2740 scribuntur
1082 2673 1114 2738 ἐν
1129 2671 1242 2740 εἰσοί-

128 2803 193 2862 σει,
214 2782 251 2845 ut
273 2779 434 2861 superiora
456 2778 581 2842 chorica
604 2772 638 2839 ἐν
659 2772 808 2840 εἰσοίσει
830 2776 934 2860 posita
955 2779 1037 2842 sunt.
1076 2778 1243 2842 confirma·

127 2887 181 2951 tur
207 2885 267 2948 hoc
297 2901 350 2960 eo,
389 2880 471 2964 quod
500 2881 570 2946 cola
597 2883 702 2945 cetera
733 2881 883 2962 paeonica
911 2871 1012 2963 (coia'
1044 2878 1178 2967 ἐρωτᾷς)
1209 2879 1242 2945 ἐν

126 2984 276 3054 elcesaei
298 3006 365 3051 esse
387 2987 490 3068 posita
513 2985 680 3049 scholiasta
702 2983 796 3066 paulo
816 2983 898 3048 infra
912 2983 1031 3050 indicat
1051 2986 1115 3050 his:
1139 2981 1194 3049 καί
1210 2982 1243 3050 ὲν
1279 3068 1282 3075 Ι

126 3089 276 3158 είσθέστι
303 3088 344 3153 τὰ
374 3086 476 3154 λοιπὰ
505 3088 593 3153 κῶλα
616 3081 662 3166 ς’.
706 3088 806 3153 restat
832 3107 932 3153 unum
957 3089 1049 3154 huius
1079 3090 1125 3155 rei
1147 3110 1241 3176 argu·
1327 3113 1328 3117 ¹

126 3198 271 3264 mentum
293 3194 390 3261 schol.
410 3214 477 3279 pac.
500 3201 561 3258 729
585 3193 645 3257 etsi
668 3193 939 3275 corruptissimum
961 3195 1069 3260 tamen
1084 3195 1131 3261 ita
1148 3196 1241 3260 facile

128 3299 359 3368 emendandum
387 3338 428 3344 —
459 3303 516 3361 τοί·
539 3301 651 3382 χοροῦ,
685 3287 722 3360 οὗ
746 3292 850 3376 στίχοι
873 3292 1080 3386 τετράμετροι
1103 3301 1239 3386 καταλη-

127 3402 232 3471 astaol
262 3402 417 3487 τέσσαρες
438 3400 497 3484 μέν
518 3399 552 3465 έν
575 3397 738 3479 s'rrdc'oer,¹
763 3394 796 3464 έν
819 3392 852 3466 d'
881 3397 1030 3467 εἰσθέσει
1060 3403 1241 3479 τελευταῖος

127 3505 298 3597 τροχαϊκὸς
320 3507 371 3590 (of.
396 3507 492 3572 schol.
510 3525 557 3588 eq.
575 3506 651 3588 836)
674 3498 743 3569 κατ’
766 3499 839 3570 ἴσον
860 3508 930 3582 τοῖς
952 3500 1062 3582 ἄλλοις
1084 3500 1241 3589 (ἀναπαι-

128 3615 275 3696 στικοῖς).
318 3606 503 3690 ,,ν.ατίσοι“
527 3610 609 3692 quod
634 3612 736 3674 exstat
756 3630 954 3694 nequaquam
976 3610 1102 3694 probari
1128 3613 1241 3694 potest

129 3719 203 3804 quia
226 3716 443 3799 desiderantur
470 3714 567 3780 ceteri
595 3714 747 3780 trochaici
778 3714 962 3780 tetrametri.
1006 3714 1089 3797 quod
1118 3716 1145 3780 si
1166 3734 1240 3779 con·

128 3824 286 3898 cedimus,
315 3839 378 3886 non
400 3820 503 3884 solum
524 3818 788 3903 praepositionem
816 3815 960 3902 ,‚7ropd“
984 3820 1098 3885 hocin
1122 3817 1240 3884 schoho

129 3927 275 3994 similiter
298 3924 472 3990 adhibitam
494 3943 577 4000 esse,
614 3921 668 3987 sed
696 3923 793 3987 etiam
820 3911 887 3984 κατ’
918 3914 992 3985 ίσσν
1016 3921 1102 3988 idem
1124 3923 1240 4003 valere,

130 4030 213 4117 quod
234 4031 267 4095 in
288 4028 437 4113 exemplis
461 4031 554 4093 antea
575 4026 697 4104 allatis,
720 4045 809 4090 nemo
833 4027 970 4111 negabit.
1039 4093 1043 4099 ,

219 4135 337 4199 Tamen
360 4151 423 4197 uon
446 4131 548 4197 solum
569 4130 664 4198 verba
691 4129 730 4195 ad
753 4131 836 4195 hunc
859 4151 951 4196 usum
972 4132 1148 4211 referenda,
1186 4134 1240 4200 sed

131 4240 229 4306 etiam
249 4238 319 4324 ipsa
337 4238 434 4315 ratio,
457 4254 551 4320 quam
573 4254 797 4321 cognoscamus
820 4236 1021 4317 cumbolis,
1042 4239 1119 4306 satis
1141 4239 1240 4306 testa·
