2746 4710
514 253 518 259 ᾗ
545 280 652 336 Scholia
670 283 697 335 in
716 298 818 350 pacem.
1203 279 1238 334 89

705 431 898 460 ()(λ()1

123 435 165 504 τὸ
197 431 246 502 ιδ’
275 435 386 521 ὅμοιον
403 425 406 431 ’
422 434 654 526 έφθημιμερές.
698 463 744 527 οφ
782 465 800 506 ο
827 466 846 527 η
876 461 940 531 εσω
968 440 1070 526 διπλῆ
1100 435 1156 503 διὰ
1183 435 1238 526 τῆν

125 534 373 627 ἀνταπόδοσιν.)
768 540 771 545 ’
1036 600 1038 605 .

217 670 414 729 473-484.
462 655 512 748 stu}
540 658 672 747 Λάμαχ’
706 655 859 742 ἀδικεῖςι
895 666 1009 753 Διπλῆ
1045 661 1102 728 καί
1134 659 1239 745 στίχοι

124 763 292 854 τρίμετροι
312 764 461 851 ίαμβικολ
481 763 536 852 ιγ’.
573 766 631 833 ἐπὶ
653 773 702 855 τῷ
720 767 804 837 τέλει
826 762 1067 856 παράχραφοςῆ

213 895 410 959 485—499.
448 881 475 954 ιδ
490 881 565 956 είαε
590 885 666 975 {UH
684 882 843 973 ἀμοιβαία
865 886 943 978 αὕτη
963 881 1162 977 ἀντιστροφὴ
1183 892 1239 976 τῆς

124 988 282 1079 ῥῆθείσης
303 990 377 1058 ἐστὶ
399 996 556 1082 στροφῆς,
587 992 641 1059 καὶ
662 991 728 1060 εἰσὶ
748 993 789 1059 τὰ
814 996 901 1060 κῶλα
926 993 981 1060 καὶ
1003 989 1119 1082 ταύτης
1141 990 1239 1076 ὅμοια

125 1091 277 1174 ἐκείνοις·
315 1095 349 1164 ἔν
378 1119 446 1164 τισι
473 1097 509 1164 δὲ
540 1095 594 1163 καί
624 1092 751 1186 ἑτέροις
773 1097 898 1179 δέχεται
929 1097 1036 1177 πόδας
1063 1103 1120 1164 τοῦ
1143 1088 1239 1163 αὐτοῦ

125 1197 245 1286 μέτρου
272 1196 394 1280 1ὄντας.
430 1201 488 1268 ἐπὶ
512 1207 558 1290 τῷ
579 1201 665 1269 τέλει
687 1199 722 1268 αἱ
747 1195 985 1292 ἀμφοτέρωθεν
1007 1201 1068 1282 ἔξω
1090 1201 1244 1286 διπλαῖ.]]’

218 1329 413 1389 500—511.
461 1319 598 1410 ῆδίνδρες
621 1329 798 1412 Μεχαρῆςτ
823 1322 954 1410 Ἕτερον
982 1318 1127 1411 σύστημα
1156 1319 1238 1387 κατὰ
1323 1312 1329 1321 ’

127 1425 315 1514 περικοπὴν
330 1422 566 1512 1ἀνομοιομερὲς
587 1423 742 1512 ἰαμβείων
758 1424 803 1516 η’.
825 1427 880 1494 καί
903 1425 937 1494 ἓν
960 1425 1109 1494 εἰσθέσει
1130 1426 1238 1510 ἕτερον

125 1524 300 1613 ἀμοιβαῖον
319 1527 436 1612 στίχων
456 1526 576 1615 ὁμοίιον
597 1534 836 1622 καταλνμτικιῦν
856 1528 1077 1619 τετραμέτρων
1100 1528 1141 1597 δ’.
1179 1526 1239 1595 ἐπὶ

127 1636 202 1712 ταῖς
222 1627 412 1700 ἀποθέσεσι
435 1630 679 1724 παράχραφοςῆ
935 1635 938 1641 ’

218 1761 413 1822 512-519.
458 1752 515 1841 λέγε
546 1762 632 1840 νῦνε
665 1755 841 1843 [[Κορωνὶς
874 1756 929 1823 καί
967 1752 1116 1834 είσθεσις
1141 1757 1239 1840 χοροῦ

125 1859 370 1948 μονοστροφικὴ
396 1855 506 1926 κοίλων
530 1859 572 1948 η’.
617 1853 668 1926 ὧν·
690 1859 805 1953 τὸμὲν
828 1854 862 1925 α’
893 1853 1111 1948 ἀναπαιστικῆ
1132 1858 1238 1944 βάσις.

126 1961 332 2050 τδδεύτερον
352 1962 465 2048 ὅμοιον
487 1962 645 2051 δίμετρον.
683 1963 724 2030 τὰ
745 1959 787 2050 μ’,
810 1965 829 2029 δ
835 1960 853 2045 ',
879 1963 913 2043 ς’
937 1961 1072 2048 ἰαμβικὰ
1093 1960 1238 2049 δίμετρα.

126 2065 166 2134 τὸ
189 2063 221 2132 ε’
242 2064 357 2152 ὅμοιον
381 2063 614 2158 ἓφθῆμιμερές.
635 2067 673 2137 τὸ
697 2064 727 2149 ζ’
749 2066 928 2134 παιιονικδν
947 2065 1118 2154 τρίμετρον
1139 2063 1239 2152 ὑπερ-

126 2167 326 2260 κατάληκτον
346 2171 383 2238 ἐκ
408 2171 673 2257 παλιμβακχείιον
695 2170 750 2265 καί
771 2176 937 2260 κρητικῶν.
976 2171 1014 2239 τὸ
1034 2166 1067 2259 η’
1089 2167 1238 2257 δίμετρον

118 2262 408 2365 ’ὑπερκατάλφιτον
432 2275 553 2360 ὅμοιον.
586 2270 638 2365 ὑφ’
661 2271 679 2343 δ
702 2273 867 2373 κορωνίςῆ

218 2390 415 2465 520-570.
463 2389 516 2482 [[ιδ
544 2392 695 2463 πότνιαι
728 2394 888 2475 Είσθεσις
916 2397 1035 2484 διπλῆς
1063 2388 1239 2480 ἀμοιβαίας
1314 2400 1316 2404 ⁴

128 2497 247 2582 στίχων
269 2526 309 2566 να
317 2498 334 2566 ‘.
380 2493 423 2566 ὧν
447 2497 476 2567 ολ
496 2499 556 2584 μὲν
577 2496 630 2586 λχ’
653 2497 803 2585 ίαμβικοὶ
826 2497 990 2588 τρίμετρον
1013 2492 1238 2588 ἀκατάληκτοι.

100 2616 102 2621 ’
129 2599 161 2671 οἳ
182 2599 312 2693 δέ’ἓξῆς
333 2602 378 2693 ιη’
401 2602 568 2690 τροχαϊκοί
588 2599 797 2691 τετράμετροι
827 2600 1063 2692 καταληκτικοί.
1088 2602 1147 2669 ἐπὶ
1168 2608 1241 2682 ταῖς

127 2704 318 2775 ἀποθέσεσι
339 2704 563 2798 παράχραφος.
586 2707 645 2775 ε’πί
667 2707 703 2773 δέ
724 2711 771 2794 τῷ
791 2698 877 2775 τέλει
898 2703 917 2795 ῆ
939 2703 1000 2788 ἔξω
1020 2708 1149 2796 διπλῆῆ

219 2837 328 2898 571-
342 2837 415 2896 581.
461 2827 538 2915 [[(Η
554 2827 688 2910 ἔκθεσις
709 2829 789 2915 αἱίτη
811 2832 868 2916 τῆς
890 2829 1007 2916 διπλῆς
1028 2823 1136 2894 κώλων
1151 2826 1240 2894 ἐστὶν

128 2931 251 3019 ὁμοίιον
279 2937 454 3019 τροχαϊκιῦν
476 2929 531 2999 ια’.
576 2925 621 2998 ὦν
649 2932 687 3000 τὸ
709 2929 742 3020 φ’
767 2927 978 3020 μσνόμετρον,
1003 2931 1053 3017 τὰ
1080 2931 1116 2999 δέ
1137 2930 1242 2999 λοιπὰ

84 3051 89 3057 “
128 3037 265 3125 δίμετρα
285 3030 497 3126 ἀκατάλνμτα.
540 3037 578 3105 τὸ
600 3040 782 3104 τελειταῖον
811 3032 1041 3125 έφθῆμιμερές.
1086 3033 1139 3125 ὑφ’
1164 3032 1182 3103 ὃ
1205 3032 1240 3103 αἱ

127 3138 366 3232 ἀμφοτέρωθεν
390 3138 452 3221 ἔξω
475 3142 620 3228 διπλαῖ]

219 3270 414 3329 582-650.
456 3268 561 3351 χαῖρε,
595 3257 678 3350 χαῖρ’
706 3255 733 3327 ιδ
763 3259 930 3350 φίλταται
970 3261 1145 3349 [[Κοριονὶς
1183 3261 1239 3330 καὶ

128 3363 279 3447 είσθεσις
298 3371 395 3454 χοροῦ
418 3367 659 3455 μονοστροφικὴ
683 3362 794 3432 κιίλων
818 3362 885 3433 κα’.
920 3359 963 3432 ὧν
984 3367 1026 3432 τὰ
1048 3362 1092 3448 α’,
1128 3360 1171 3448 ζ’,
1193 3365 1240 3432 ιε’

128 3472 285 3562 τροχαϊκά
308 3467 524 3560 ἓφθῆμιμερῆ.
547 3471 589 3537 τὰ
608 3475 655 3555 β’,
678 3465 720 3554 ς’,
745 3466 792 3537 ιδ’
816 3468 949 3559 δίμετρα
965 3463 1177 3556 ἀκατάληκτα.
1199 3468 1240 3534 τὰ

128 3573 175 3663 γ’,
198 3574 231 3665 η’
256 3573 373 3659 ὅμοια,
399 3573 524 3641 Ἰωνικὰ
542 3573 662 3656 ’μέντοι
684 3566 753 3641 ἀπὸ
774 3572 925 3658 μείζονος.
969 3573 1010 3639 τὰ
1034 3567 1077 3653 δ’,
1107 3567 1158 3655 θ’,
1191 3568 1239 3660 ιη’

128 3680 317 3770 δακτολικδ
336 3685 570 3768 πενθῆμιμερῆ.
615 3678 656 3744 τὰ
680 3677 721 3760 ε’,
743 3679 803 3761 ια’,
835 3673 893 3763 ιβ’,
916 3673 974 3760 ις’,
999 3677 1042 3759 ιζ’
1072 3676 1238 3742 παιωνικὰ

128 3780 266 3870 δίμετρα
288 3769 498 3871 ἀκατάλῆκτα.
542 3782 580 3849 τὸ
602 3779 630 3849 ι’
654 3780 782 3866 ὅμοιον,
805 3779 956 3866 ἰαμβικὸν
977 3778 1096 3865 μέντοι.
1129 3774 1239 3865 τδιχέ

128 3887 309 3954 παιιονικδν
329 3883 560 3974 ἓφθῆμιμερές.
586 3885 624 3953 τὸ
647 3880 700 3952 ιθ
726 3878 963 3952 ἀναπαιστικὸν
986 3881 1136 3970 δίμετρσν
1159 3877 1240 3953 ἀκα-

128 3987 296 4080 τάληκτον.
321 3988 360 4058 2δ
376 3990 421 4073 κ’,
445 3988 499 4056 κα’
525 3991 560 4057 ἒν
579 3990 712 4059 ἐκθέσει
733 3988 839 4072 στίχοι
860 3987 925 4056 εἶσί
945 3988 1109 4076 τροχαῖκολ
1128 3988 1241 4076 τετρά-

128 4120 242 4182 μετροι
268 4094 498 4183 καταλῆκτικολ
521 4091 631 4178 ὅμοιοι
655 4099 731 4172 ’τοῖς
761 4091 793 4159 έν
818 4099 858 4183 τῆ
879 4091 1025 4160 εἶσθέσει
1047 4098 1104 4180 τῆς
1123 4094 1242 4179 διπλῆς

220 4309 235 4363 l
256 4305 333 4367 ὄντος
439 4301 487 4361 26
506 4301 546 4372 κ’,
562 4302 620 4357 κα’.
639 4303 669 4357 ἐν
