2746 4710
152 887 198 997 dn
221 932 440 1016 conquirendis
461 933 668 1012 scholiorum,
692 953 771 1016 quae
789 936 957 1017 supersunt
972 935 1175 999 metricorum

54 1028 248 1129 'fragmentis
278 1044 309 1106 et
332 1061 438 1106 eorum
460 1042 659 1124 potissimum
688 1062 768 1124 quae
801 1041 840 1107 ad
862 1042 1069 1107 Heliodorum
1092 1042 1178 1107 refe-·

60 1148 161 1216 renda
190 1149 279 1226 sunt,
317 1147 443 1211 etiamsi
469 1146 604 1210 nominis
631 1145 771 1210 eiusdem
799 1146 918 1210 mentio
941 1148 1065 1211 nonnisi
1083 1146 1120 1211 fit
1140 1147 1174 1211 in

61 1252 191 1319 scholiis
226 1249 341 1316 codicis
374 1248 488 1314 Veneti
519 1249 571 1332 (cf.
604 1250 848 1332 subscriptiones
882 1251 915 1313 in
948 1249 1009 1315 fine
1040 1251 1112 1316 nub.
1143 1253 1175 1315 et

61 1356 148 1441 pacis
185 1356 217 1420 et
246 1354 342 1418 schol.
366 1372 433 1436 pac.
457 1359 540 1417 1353
564 1357 596 1419 61
619 1374 701 1439 vesp.
720 1361 823 1430 1277,
862 1353 899 1418 16
928 1354 1039 1438 quibus
1066 1356 1175 1438 postea

62 1459 239 1527 accuratius
261 1458 412 1540 dicemus)
442 1459 563 1535 tamen,
602 1457 685 1541 quod
708 1458 858 1543 praebent
881 1458 936 1522 alii
957 1458 1018 1523 duo
1042 1458 1174 1539 codices,

62 1565 230 1631 Ravennae
261 1564 293 1627 et
329 1562 576 1641 Laurentianus,
622 1582 819 1648 nequaquam
859 1561 1083 1647 negligendum
1116 1565 1174 1628 est.

63 1687 198 1751 namque
226 1667 260 1731 in
281 1669 463 1732 Rauennate
495 1667 600 1732 codice
628 1668 659 1732 et
689 1669 792 1733 aetate
823 1669 855 1731 61
878 1668 1065 1733 6161611616
1088 1666 1174 1751 prin.-

63 1773 148 1856 cipe,
200 1791 272 1836 cum
302 1773 409 1836 661661
440 1772 703 1854 Byzantinorum.
726 1773 1005 1855 grammaticorum
1043 1773 1174 1837 annota-

33 1891 41 1910 ‘
61 1877 217 1954 tionibus,
238 1876 396 1958 permulta
418 1875 592 1941 videbimus
618 1877 767 1941 sincerius
790 1875 908 1941 tradita
930 1878 985 1940 aut
1007 1895 1044 1941 ea
1060 1875 1175 1941 omissa

63 2000 147 2059 esse,
170 1999 248 2064 quae
270 1980 303 2043 in
327 1965 432 2044 codice
448 1979 568 2044 Veneto
593 1980 799 2044 arecentiore
822 1998 917 2043 manu
935 1978 1077 2062 profecta
1092 1981 1174 2044 sunt.

62 2104 163 2170 neque
182 2086 287 2149 minus
310 2083 407 2150 codex
427 2084 671 2162 Laurentianus,
694 2084 748 2166 qui
771 2083 895 2148 omnino
919 2084 1020 2147 multa
1042 2085 1074 2148 et
1093 2083 1176 2148 bona

63 2208 136 2255 cum
159 2188 279 2254 Veneto
310 2189 407 2254 habet
439 2189 631 2264 communia,
667 2188 768 2252 infimi
805 2189 875 2252 aevi
908 2186 1035 2252 scholiis
1065 2207 1174 2252 carens

62 2294 131 2358 tam
161 2293 327 2375 praecipuo
361 2292 432 2357 usui
456 2295 504 2357 est
524 2293 556 2356 in
587 2293 715 2376 scholiis
739 2291 894 2373 equitum,
918 2293 954 2355 ut
981 2309 1072 2357 nemo
1104 2311 1175 2356 eum

48 2415 210 2481 ‚persaepe
234 2397 403 2481 genuinam
425 2397 594 2462 lectionem
613 2397 816 2480 praebentem
832 2396 920 2478 sequi
937 2394 1066 2462 dubitet.
1097 2415 1174 2479 quos

63 2500 187 2566 codices
213 2501 296 2565 inter
319 2521 351 2566 se
375 2484 628 2585 comparantibus
652 2501 741 2566 nobis
766 2499 961 2585 propositum
985 2503 1046 2578 est,
1082 2501 1173 2566 scho-

63 2605 179 2670 liorum
201 2605 330 2671 illorum
351 2606 638 2694 vetustissimorum
668 2608 700 2670 et
722 2605 1064 2688 praestantissimorum
1087 2604 1174 2688 frag-

61 2712 170 2776 menta
186 2709 350 2794 colligere,
375 2712 407 2774 61
421 2729 529 2775 veram
545 2711 858 2776 6616616611611661
881 2709 1110 2774 reconcinnare.
1132 2745 1174 2755 -

10 2827 12 2830 ’
62 2835 135 2880 oum
165 2814 284 2880 scholia
310 2814 493 2898 posterioris
522 2814 674 2898 temporis
704 2814 888 2897 plerumque
918 2812 1175 2896 agrammaticis

61 2920 246 3002 Byzantinis
270 2919 446 3002 conscripta
466 2938 562 3001 prope
585 2920 710 3003 integra
738 2917 828 2982 nobis
857 2917 975 2982 tradita
998 2918 1081 2996 61111,
1117 2917 1175 2982 illa

61 3025 164 3091 veteri
185 3024 346 3106 interpret
376 3023 542 3089 tribuenda
570 3024 672 3088 multa
700 3024 921 3087 contraxerunt
941 3021 1036 3102 vitia,
1057 3024 1093 3086 ut
1115 3020 1174 3086 ali·
1254 3084 1257 3090 ,

63 3127 194 3211 quoties,
209 3146 288 3210 quae
301 3127 437 3211 genuina
446 3128 544 3193 fuerit
559 3127 663 3206 lectio,
680 3127 807 3192 difficile
823 3126 864 3192 sit
881 3127 920 3192 61
932 3125 1173 3193 diiudicandum.

62 3251 157 3314 quam
180 3232 217 3296 ob
242 3244 368 3297 causam
392 3233 424 3296 in
446 3232 565 3314 optima
587 3232 644 3296 illa
666 3250 728 3313 qua
749 3232 870 3296 utimur
893 3231 1083 3297 scholiorum
1107 3231 1174 3296 edi-

61 3333 147 3400 tione
169 3335 313 3401 Parisina
336 3335 395 3419 (ed.
415 3335 556 3419 Dubner)
587 3334 724 3418 plurima
746 3354 808 3400 non
831 3336 865 3400 in
888 3338 1064 3421 ceterorum
1089 3334 1173 3399 ordi-

61 3442 296 3525 comtempta,
335 3440 390 3505 sed
418 3441 451 3505 in
474 3439 746 3519 annotationibus,
787 3459 865 3522 quae
890 3439 1022 3523 singulis
1045 3436 1173 3503 scholiis

63 3543 138 3608 sunt
172 3542 297 3623 addita,
333 3546 456 3609 servata
491 3544 681 3628 reperimus,
718 3563 788 3608 cum
826 3542 918 3619 talia,
954 3560 1033 3624 quae
1071 3559 1108 3605 611
1133 3540 1173 3604 116

63 3646 221 3732 descripta
241 3648 320 3713 nihil
334 3649 452 3732 proprii
467 3648 649 3727 ostendant,
669 3647 702 3712 in
718 3647 908 3712 scholiorum
923 3664 1053 3711 numero
1068 3645 1175 3711 locum

63 3751 235 3818 obtineant.
282 3753 504 3837 gravissimum
526 3754 619 3817 huius
639 3751 684 3816 rei
708 3750 884 3834 exemplum
903 3751 1006 3816 exstat
1027 3751 1060 3814 in
1078 3750 1173 3815 schol.

153 3965 168 4017 1
186 3962 305 4021 Tametsi
322 3981 414 4043 verum
426 3964 566 4023 Heliodori
583 3966 688 4023 dicendi
705 3981 799 4029 usum,
819 3980 899 4035 quem
914 3980 945 4020 er
962 3962 1078 4033 singulis
1097 3961 1173 4016 scho-

60 4049 107 4106 liis
121 4052 207 4106 iacile
222 4051 306 4108 talem
318 4053 402 4108 fuisse
416 4055 611 4123 cognoscimus:
632 4060 732 4127 ἴαμβος
745 4054 886 4124 δίμετρος,
906 4059 1058 4126 τρίμετρος,
1077 4045 1173 4123 τετρά-

60 4157 174 4213 perpes,
200 4146 328 4214 τροχαῖος
345 4159 428 4213 terp„
450 4139 637 4207 ἀνάπαιστος,
659 4139 817 4213 χορῖαμβος
835 4135 1045 4211 ἕφθημιμερής,
1071 4141 1174 4206 ἴαμβος

58 4225 143 4296 aph,
165 4225 287 4294 δίστιχος
304 4224 496 4298 τετράμετρος,
516 4243 570 4281 non
585 4226 684 4296 ubique
701 4225 816 4280 restitui.
