2746 4710
497 251 508 271 ’
560 270 667 327 Scholia
683 270 712 327 in
731 286 802 326 aves.
1206 262 1241 320 75

127 421 176 498 ὧν
194 428 237 498 τὰ
254 419 382 516 Ιπρῶτα
411 426 487 516 τρία
509 432 599 495 κιῦλα
618 434 676 495 τοῦ
693 433 793 515 χοροῦ
821 421 1044 494 οἷναπαιστικόι
1073 429 1239 510 πενθημι-

125 539 209 625 μερῆ
230 533 464 622 ἑπιμεμιχμένα
485 529 738 623 τετραβράχεσιν.
765 529 783 599 ὃ
799 528 831 599 δ’
849 530 1018 620 τροχαϊκδς
1031 528 1240 618 τετράμετρος

126 633 371 728 καταληκτικός.
398 636 439 703 τὰ
460 633 534 726 ἑξῆς
553 637 654 705 πάλιν
678 636 752 725 τρία
773 639 863 704 κῶλα
883 641 941 704 τοῦ
960 639 1065 719 χοροῦ.
1097 628 1239 697 ἀναπαι-

127 742 224 832 στικῆ
245 741 344 827 βοίσις
364 739 502 808 ἕκαστον
523 736 652 809 τούτων.
676 739 913 827 ε’πιμεμιχμένα
934 737 989 806 καὶ
1008 743 1111 804 ταῦτα
1125 760 1239 822 τετρα-
1330 825 1333 833 Ι

126 845 293 934 βράχεσιν.’
325 842 357 912 οῖ
379 841 454 934 ἑξῆς
476 841 579 914 πάλιν
600 845 657 914 δύο
678 845 844 933 τροχαϊκοὶ
867 839 1076 932 τιτριίμετροι
1099 841 1240 928 καταλῆ-

127 946 247 1017 κτικοί.
284 948 322 1016 τδ
344 944 417 1038 ἑξῆς
437 955 495 1016 τοῦ
513 955 610 1037 χοροῦ
633 951 737 1016 κῶλον
760 943 980 1036 ιίναπαιστικῆ
1008 945 1112 1032 βάσις.
1149 940 1181 1010 οῖ
1203 940 1239 1010 δὲ

126 1049 201 1144 ἑξῆς
222 1048 253 1134 ζ’
276 1047 439 1143 τροχαίκοί
460 1055 668 1143 τετράμετροι
689 1051 931 1141 καταλῆκτικοί,
963 1045 1007 1118 ὦν
1027 1053 1210 1128 τελευταῖος

270 1170 377 1227 καστον
392 1168 444 1240 ηδη
462 1192 519 1225 που
538 1170 602 1246 παρ’
623 1170 708 1243 ἡμῖν,Ι
733 1176 759 1224 εἰ
776 1172 842 1244 παρ’
862 1169 931 1242 ἡμῖν
951 1171 1003 1240 εἴμ’
1024 1167 1098 1240 ἐγώ]

135 1309 138 1312 ’
219 1282 415 1344 327-342.
461 1271 564 1359 [e‘a'
551 1273 627 1342 ιἀι
663 1270 875 1353 Είσθεσιςε
862 1273 1004 1398 ετέραι
991 1271 1107 1356 μέλους
1143 1275 1241 1358 χοροῦ

126 1386 275 1468 στροφῆς
304 1376 443 1464 λόγον
429 1377 554 1461 ε’χουσα
598 1376 663 1460 ἔχει
687 1378 746 1504 γὰρ
774 1378 830 1444 καὶ
859 1370 1075 1464 ἀντίστροφον
1095 1374 1152 1464 τῆν
1173 1372 1241 1458 ,,ίιδ

126 1478 198 1550 ἰοί“
198 1482 268 1565 ,ἐκ
289 1474 445 1549 φίλατ’
423 1487 667 1549 αναπαιστικῶν
688 1482 744 1548 καί
767 1487 955 1547 παιωνικῶν
977 1473 1070 1546 ὀκτώ.
1096 1471 1133 1568 ῆς
1156 1501 1241 1566 προ-

124 1583 263 1655 τίθεται
284 1583 418 1654 κῶλον
406 1612 442 1653 ια
441 1583 613 1671 μβικόν,’
602 1584 742 1676 ῆτοιι
696 1584 730 1652 ία
730 1586 829 1674 μβικῆ
853 1580 962 1669 βοίσις.
990 1564 1055 1650 εἶσι
1045 1581 1162 1649 δὲ
1126 1607 1166 1647 τα
1180 1579 1240 1666 μὲν

126 1687 350 1758 ἀναπαιστικδι
370 1688 548 1776 ιριεμιχιένα
570 1691 916 1776 προκελευσματικοῖς,
945 1689 987 1754 τὰ
1011 1686 1047 1754 δὲ
1075 1683 1239 1752 παιωνικά

124 1794 415 1881 πεντασυλλάβοις.
437 1794 622 1862 διαλύονται
634 1793 762 1881 γὰρκαὶ
777 1797 841 1858 τῶν
854 1790 1006 1859 παιώνιον
1026 1788 1072 1870 εἰς
1089 1786 1240 1877 βραχείας

130 1894 166 1966 αῖ
184 1899 316 1987 μακραί.
352 1899 389 1966 τὸ
413 1898 472 1984 μὲν
501 1891 556 1965 οὖν
576 1905 707 1985 πρῶτον
728 1895 784 1963 καί
806 1893 914 1983 τρίτον
942 1888 1166 1961 διαπαιστικδι
1188 1889 1240 1960 δί-

129 2006 229 2092 μετρα
248 2002 539 2094 βραχυκατοίλῆκτα.
584 2002 621 2069 τὸ
644 2001 680 2068 δὲ
704 1996 850 2087 δεύτερον
880 1999 936 2064 καὶ
965 1996 1119 2086 τέταρτον
1143 1994 1241 2080 ὅμοια

132 2112 202 2194 1τῷ
228 2105 376 2194 δειτέρφ.
419 2105 457 2172 τὸ
487 2105 642 2190 πέμπτον
665 2101 896 2194 ἑφθῆμιμερὲς.
944 2103 981 2168 τὸ
1013 2100 1107 2167 ἕκτον
1134 2099 1188 2166 καὶ
1210 2098 1241 2182 ζ’

126 2209 293 2277 παιωνικίι
324 2205 522 2297 τετράμετρα
556 2207 781 2297 καταληκτικά.
826 2205 863 2275 τό
897 2206 933 2273 δὲ
974 2201 1089 2291 ίίγδοον
1127 2202 1240 2288 ὅμοιον

118 2310 362 2404 ,ἑφθημιμερές
404 2312 438 2378 ἒν
466 2311 596 2380 ἐκθέσει
634 2311 670 2380 δὲ
701 2309 805 2394 στίχοι
834 2311 1001 2397 τροχαϊκοὶ
1032 2306 1240 2396 τετράμετροι

126 2417 357 2544 καταλῆκτικοί
377 2421 471 2504 τρεῖς,
492 2416 548 2483 τὸν
573 2413 680 2502 τρίτον
695 2415 731 2482 δὲ
754 2408 938 2504 ἀναπληροῖ
959 2413 997 2483 τὸ
1019 2409 1091 2503 ἑξῆς
1107 2408 1241 2501 πρόσω·
1270 2494 1273 2500 Δ

125 2544 195 2588 πον
224 2517 360 2607 εῖσερχόι
361 2545 452 2587 ιενον.
498 2516 570 2612 ἑξῆς
599 2519 635 2587 δὲ
658 2515 805 2646 σύστῆμα
829 2518 862 2585 ἐν
889 2516 1035 2586 είσθέσει
1062 2520 1239 2605 τροχαῖκιῖν

125 2623 352 2712 τετραμέτρου
372 2626 610 2712 καταληκτικιῦν
633 2619 712 2689 δ’.
698 2623 757 2690 επὶ
778 2649 824 2711 τιυ
810 2623 924 2689 τέλει
945 2628 1001 2711 τῆς
1022 2621 1082 2706 μὲν
1097 2625 1241 2744 στροφῆς

126 2722 346 2817 παράχραφος
368 2727 424 2794 καί
454 2723 601 2815 διπλῆ
587 2750 652 2793 εσιυ
680 2731 855 2807 νενευκυῖα,
893 2729 950 2792 τοῦ
978 2724 1015 2791 δὲ
1040 2720 1152 2812 συστῆι
1140 2747 1241 2808 ματος

124 2826 211 2920 νόει
235 2826 474 2919 περίτονος]

218 2944 325 3003 343-
326 2943 414 3002 385.
460 2931 554 3020 [ίιὺ
543 2933 611 3002 ιαίε
642 2930 803 3012 Είσδεσις
831 2936 929 3057 χοροῦ(
950 2927 1045 3017 ἑτέρα
1069 2927 1240 3017 αντίστρο-

127 3063 192 3129 φος
212 3044 270 3128 τῆς
291 3034 350 3128 ῆδῆ
370 3036 525 3127 ῥηθείσης
546 3042 704 3159 στροφῆς,
728 3036 765 3102 ἐκ
787 3031 929 3102 κώλων(
914 3033 1035 3121 οιιοίιυν
1049 3033 1105 3102 καί
1122 3031 1240 3118 στίχων

126 3137 172 3231 η’.
202 3139 269 3208 εἶσί
291 3141 328 3209 δὲ
349 3141 390 3208 τὰ
411 3137 523 3226 μένε’
547 3133 771 3207 αναπαιστικὰ
791 3132 953 3226 αναλόχιυς
972 3145 1043 3220 τοῖς
1063 3145 1122 3229 τῆς
1143 3162 1241 3229 στρο-

127 3251 201 3336 φῆς
245 3245 286 3312 τὰ
317 3245 353 3313 δὲ
384 3243 458 3333 τρία
478 3241 658 3327 παιιυνικοί,
699 3243 742 3324 ὡς
774 3244 829 3312 καί
857 3245 899 3311 τὰ
930 3250 987 3334 τῆς
1011 3249 1163 3333 στροφῆς.
1205 3239 1240 3309 ἑν

126 3346 277 3416 εἰσθέσει
307 3347 343 3416 δὲ
373 3346 478 3431 στίχοι
505 3344 562 3415 δίο
588 3348 753 3437 τροχαϊκοὶ
784 3348 993 3438 τετράμετρον
1013 3345 1241 3436 καταληκτικοὶ

127 3448 239 3536 ὅμοιοι
261 3456 332 3531 τοῖς
354 3446 435 3541 ἑξῆς.
462 3450 540 3517 2ἐπὶ
563 3459 610 3539 τῷ
630 3451 716 3519 τέλει
739 3453 857 3519 διπλαῖ
879 3449 941 3532 ἔξω
961 3455 1158 3535 νενευκυῖαι.]

220 3564 416 3623 386-399.
462 3557 603 3641 [μᾶλλον
637 3552 760 3644 εἰρήνην
781 3552 924 3641 Ιίιίχουσιν
954 3580 961 3622 :
994 3551 1150 3632 ’Έκθεσις
1183 3558 1240 3640 τῆς

129 3661 251 3749 διπλῆς
278 3657 315 3725 ἐκ
336 3659 446 3726 κοίλων
469 3656 589 3744 ὁμοίιον
609 3663 788 3746 τροχαϊκοῖν
811 3657 1070 3744 ἐπιμεμιγμένων
1099 3652 1240 3722 ἀναπαί-

129 3786 222 3842 στοις
243 3763 298 3831 καί
329 3761 470 3850 χορείοις
491 3789 519 3830 ιε
524 3759 631 3848 'dep'
588 3789 715 3850 μετριον
736 3762 822 3853 πλῆν
839 3787 896 3829 του
882 3757 1099 3829 τελευταίου
1119 3752 1241 3827 ιῖκατα-

302 3859 446 3888 (Ηὶῑ

128 3865 271 3957 λῆκτων,
295 3892 342 3955 οφ
372 3894 391 3935 ο
414 3892 448 3933 αι
473 3862 625 3956 συνήθεις
646 3866 702 3934 δύο
723 3868 863 3951 διπλαῖ]

220 4034 235 4087 1
254 4032 365 4088 Fort.‘'
349 4051 451 4103 ομοιον
468 4053 505 4102 τῳ
523 4032 638 4108 δευτέρῳ
659 4033 790 4102 (δίμειρα
808 4027 1002 4098 ιῖκατιίληκτα).
1107 4032 1241 4102 2Requi-

126 4122 200 4178 titur
218 4120 322 4177 mentio
343 4120 442 4186 διπλῆς
461 4119 512 4180 ἔξω
535 4124 692 4178 νενευκυίας
709 4118 738 4172 in
757 4117 811 4171 fine
830 4122 985 4176 εἰσθέσιιις.
1021 4123 1163 4190 propterea
1180 4137 1241 4175 οου-

126 4210 181 4266 ieci
200 4207 297 4278 ὅμοιοι
314 4212 374 4266 τοῖς
392 4206 451 4272 ἑξῆς
470 4204 525 4274 (33'
546 4207 632 4281 διπλῆ
650 4207 701 4268 ἔξω
720 4211 861 4273 νενευκυίρ
879 4209 1116 4279 περαιουμένοις).
1138 4209 1186 4261 ἐπὶ
1203 4212 1242 4278 ιρῖ

127 4298 201 4352 τέλει
221 4291 299 4364 (δύο)
320 4293 422 4346 διπλαῖ
437 4292 488 4355 ἔξω
505 4298 662 4348 νενευκυῖαι
681 4292 716 4348 of.
735 4291 817 4348 schol.
836 4307 879 4347 av.
901 4292 961 4350 539.
